2205 3025
351 133 408 159 :3431
585 128 678 153 ACTA
702 127 812 152 mecm
835 125 1013 151 LUDEW1C1
1034 125 1079 150 IV.
1100 125 1143 150 ET
1164 121 1347 150 FRIDERICI
1367 125 1415 151 ΙΙΙ.
1452 124 1525 149 1328.
1564 123 1611 149 Nr‚
1625 123 1682 150 440.
1702 124 1760 150 441.

456 214 645 244 Ludowicus
681 212 740 241 Dei
779 212 887 251 gracia
915 211 1133 241 Romanorum
1167 211 1342 250 imperator
1376 220 1503 250 semper
1538 214 1689 250 augustus
1777 211 1931 241 universis
1964 214 1995 241 et

347 266 489 306 5111911115,
515 264 555 294 ad
580 274 658 303 quos
683 266 848 303 presentes
873 262 1060 292 devenerint
1148 263 1289 301 graciam
1315 272 1402 291 suam
1429 264 1460 291 et
1484 271 1577 291 omne
1602 261 1729 291 bonum.

456 318 557 350 Quam
583 315 684 354 magis
710 315 830 343 intenta
855 312 1056 343 solicitudine
1089 316 1120 342 et
1149 323 1224 342 cura
1249 313 1337 353 vigili
1365 312 1476 342 fideles
1501 315 1534 342 et
1556 311 1672 342 subditi
1704 312 1801 342 nostri
1827 312 1994 342 fructuosis

348 366 509 406 obsequiis
538 369 647 395 nostra
679 365 852 404 respiciunt
880 363 1082 403 beneplacita
1112 363 1343 404 intenduntque
1374 363 1566 401 commodis,
1597 366 1684 394 tanto
1709 363 1823 393 maiori
1847 373 1994 393 remune-

348 418 477 447 rationis
501 417 655 447 beneficio
678 415 799 445 eisdem
819 415 1000 455 obligamur
1017 418 1048 445 et
1064 418 1210 445 tenemur
1233 426 1289 455 pro
1307 415 1428 445 iuribus
1446 416 1586 454 ipsorum
1604 414 1759 454 augendis
1777 417 1808 445 et
1824 414 1996 444 honoribus

347 468 546 509 ampliandis.
587 467 669 497 Sane
688 477 759 497 cum
783 467 896 497 nobilis
913 467 960 496 vir
976 466 1157 496 Fridericus
1175 466 1386 507 burggravius
1405 466 1443 496 de
1461 466 1681 496 Nuremberch
1700 475 1807 496 noster
1824 468 1855 496 et
1872 466 1998 505 imperii

348 520 449 550 tidelis
474 519 609 549 dilectus
634 519 824 548 secretarius
849 528 937 548 111010
963 518 1204 558 progenitorum
1229 528 1357 548 suorum
1387 528 1444 558 per
1473 521 1561 547 actus
1586 517 1731 557 bellicos,
1761 527 1837 547 sana
1868 516 1998 547 consilia

347 572 475 611 aliaque
501 570 624 600 virtutis
650 580 745 610 opera
777 569 868 599 nobis
898 572 929 599 et
960 569 1040 598 divis
1065 569 1179 599 nostris
1204 568 1484 609 predecessoribus
1508 568 1726 598 Romanorum
1752 568 1998 609 imperatoribus

347 626 379 652 et
404 621 532 662 regibus
557 621 712 651 hactenus
738 620 925 661 multiplicia
942 620 1136 661 impenderit
1161 620 1315 661 obsequia
1336 620 1498 650 fructuosa
1523 623 1554 649 ct
1578 620 1682 650 denuo
1708 621 1863 650 continuis
1887 619 1998 650 studiis

347 685 406 704 11011
434 673 559 703 desinat
584 674 794 711 incessanter,
827 676 920 713 prout
948 682 1024 702 vcra
1054 683 1110 702 nos
1139 673 1340 712 experientia
1371 676 1475 702 certos
1504 671 1592 709 fecit,
1624 671 1798 701 eorundem
1826 671 1941 700 intuitu
1966 674 1998 701 et

347 725 601 755 consideratione
619 724 677 754 sibi
695 725 823 765 suisque
841 724 1013 754 heredibus
1031 723 1070 754 ab
1088 734 1125 754 eo
1140 724 1282 764 legitime
1297 723 1565 753 descendentibus
1578 722 1788 760 decernimus,
1805 722 1998 752 intendimus

347 780 379 805 ct
403 777 547 806 volumus
573 775 611 805 de
637 775 841 815 imperatorie
867 776 1043 805 maiestatis
1067 775 1239 805 clementia
1255 775 1390 814 gratiam
1417 774 1523 804 facere
1541 774 1724 814 specialem,
1749 773 1864 809 locum,
1889 783 1998 803 aream

347 838 402 857 scu
434 830 573 857 montem
605 827 698 856 castri
728 826 833 856 Stauff
862 837 919 866 per
954 827 1060 856 inclite
1090 825 1320 856 recordationis
1356 826 1517 856 dominum
1546 825 1734 855 Heinricum
1769 825 1997 865 imperatorem

347 878 612 918 predecessorem
638 881 777 908 nostruin
805 877 1027 917 dilapidatum,
1053 877 1249 907 destructum
1274 880 1306 906 et
1330 876 1532 907 devastatum
1557 887 1627 906 cum
1653 876 1798 906 omnibus
1822 875 1942 906 iuribus
1967 879 1999 906 et

347 930 546 969 pertinentiis
570 929 610 959 ad
637 929 755 959 dictum
781 932 922 958 montem
947 928 1178 968 pcrtinentibus
1203 928 1261 957 sibi
1279 928 1406 968 suisque
1424 928 1595 958 heredibus
1612 927 1763 968 predictis
1780 928 1852 957 iusti
1878 930 1909 957 et
1932 927 1998 957 veri

347 981 433 1011 feodi
448 981 539 1010 titulo
557 980 742 1021 possidendi
761 984 916 1020 perpetue
935 980 1126 1010 conferimus
1143 983 1174 1009 et
1191 979 1381 1010 contulimus
1398 980 1594 1020 presentium
1612 979 1794 1009 testimonio
1811 979 1999 1015 litterarum,

348 1032 571 1062 nichilominus
600 1032 659 1062 sibi
690 1032 930 1067 auctoritatem,
964 1031 1150 1061 facultatem
1176 1030 1310 1061 liberam
1342 1034 1373 1061 ct
1397 1031 1524 1071 plenam
1549 1031 1709 1061 licentiam
1735 1031 1766 1060 in
1791 1030 1904 1060 codem
1929 1030 1998 1059 loco

348 1087 486 1114 castrum
512 1083 660 1119 faciendi„
687 1082 890 1113 construendi
916 1086 947 1112 et
972 1082 1140 1112 edificandi
1160 1083 1326 1122 ipsumque
1351 1083 1458 1119 muris,
1484 1082 1610 1112 fossatis
1634 1084 1687 1112 aut
1711 1082 1780 1111 aliis
1805 1081 1999 1121 quibuslibet

349 1135 569 1165 munimentis.
600 1135 714 1175 quibus
743 1134 806 1164 :ilia
838 1137 942 1163 castra
971 1144 1028 1163 seu
1056 1134 1247 1163 munitiones
1276 1133 1389 1163 muniri
1414 1137 1486 1163 sunt
1514 1134 1620 1171 solite⁷
1651 1132 1823 1163 muniendi.
1913 1131 1999 1162 Nulli

349 1197 425 1226 ergo
458 1187 585 1216 0111111110
615 1185 777 1215 hominum
811 1185 907 1215 liccat
937 1186 1018 1215 lianc
1046 1188 1153 1214 nostre
1184 1184 1362 1215 collationis
1390 1186 1541 1225 paginam
1578 1185 1750 1225 infringere
1780 1184 1830 1214 vel
1864 1184 1892 1214 01
1921 1193 1999 1213 ausu

351 1238 523 1268 temerario
549 1236 792 1277 quomodolibet
817 1237 985 1266 contraire.
1033 1236 1064 1266 Si
1091 1237 1160 1276 quis
1184 1246 1258 1266 vero
1284 1236 1343 1266 1100
1368 1239 1561 1276 attemptare
1586 1235 1825 1276 presumpserit,
1854 1235 1999 1275 indigna-

350 1289 472 1319 tionem
498 1292 637 1319 nostram
663 1291 695 1318 et
718 1298 849 1328 gravem
868 1292 974 1318 nostre
992 1288 1167 1317 maiestatis
1185 1287 1339 1317 offensam
1365 1297 1398 1317 se
1416 1288 1538 1317 noverit
1555 1288 1762 1317 incursurum.
1852 1286 1888 1316 In
1913 1287 2001 1316 cuius

348 1341 393 1370 rei
420 1341 637 1370 testimonium
664 1342 829 1380 presentes
855 1339 1009 1369 conscribi
1035 1343 1066 1369 et
1090 1339 1176 1369 bulla
1202 1344 1308 1369 nostra
1333 1349 1430 1375 aurea
1455 1349 1524 1369 cum
1550 1338 1707 1379 imperiali
1731 1339 1821 1377 signo
1847 1341 1879 1367 01
1902 1348 2000 1367 anno-

349 1391 469 1421 tatione
495 1391 745 1431 subscriptorum
772 1391 900 1420 testium
927 1391 1073 1420 iussimus
1097 1391 1296 1427 communiri,
1321 1390 1471 1420 videlicet
1488 1389 1615 1419 Rudolfi
1641 1390 1729 1419 ducis
1745 1389 1891 1419 Bawarie
1915 1389 2000 1428 prin-

348 1443 426 1482 cipis
452 1446 482 1473 et
507 1443 611 1483 patrui
638 1443 735 1473 nostri
761 1442 930 1475 karissimi,
956 1441 1099 1472 Heinrici
1125 1441 1212 1471 ducis
1237 1442 1486 1477 Brunsvicensis
1512 1441 1673 1471 Ludewici
1699 1440 1787 1470 ducis
1811 1440 1850 1469 de
1875 1439 1999 1477 Tekke,

348 1493 445 1524 Ulrici
466 1494 637 1534 lantgravii
656 1494 794 1529 Alsacie,
819 1493 999 1523 Meinhardi
1017 1494 1141 1523 comitis
1160 1493 1198 1523 de
1216 1492 1427 1529 Ortenbureh,
1450 1493 1577 1522 01101115
1596 1492 1634 1522 (10
1653 1491 1848 1521 Orlamunde
1867 1491 2000 1529 comitis,

349 1545 512 1575 Chuni-adi
545 1544 584 1575 dc
610 1544 861 1583 Truhendingen
893 1545 1032 1576 comitis,
1062 1544 1223 1574 Chunradi
1254 1544 1292 1574 de
1322 1543 1538 1583 Sluzzclbcrg,
1570 1543 1701 1573 Andree
1734 1546 1765 1572 et
1789 1542 1928 1572 Gotfridi
1959 1541 1998 1572 de

349 1596 528 1625 Brunceke.

460 1647 576 1677 Datum
604 1650 635 1677 et
653 1650 757 1676 actum
776 1646 879 1676 Rome
905 1646 989 1687 apud
1008 1646 1157 1676 Sanctum
1176 1646 1318 1681 Petrum,
1343 1647 1493 1676 vicesimo
1512 1646 1651 1676 seeundo
1669 1645 1720 1676 die
1738 1646 1854 1675 mensis
1871 1645 2000 1685 Aprilis,

351 1698 524 1728 indictione
550 1697 729 1730 undecima,
755 1708 837 1727 anno
862 1698 991 1728 Domini
1016 1697 1184 1727 millesimo
1210 1698 1433 1728 trecentesimo
1459 1698 1609 1728 vicesimo
1635 1701 1759 1734 octavo,
1789 1697 1878 1736 regni
1904 1696 1999 1726 nostri

349 1759 431 1779 anno
458 1749 710 1789 quartodecimo7
737 1750 861 1789 imperii
887 1760 960 1779 vero
987 1749 1097 1789 primo.

679 1880 764 1913 441.
809 1880 974 1913 Farnlras
1002 1882 1147 1913 «firitatis
1176 1881 1386 1913 mzmimzdue.
1495 1880 1580 1923 Αμν.
1602 1883 1665 1913 :3:3.

460 1952 619 1991 Origsinale
653 1954 685 1982 in
718 1952 874 1982 fabulari«,
901 1953 1038 1992 symm-als
1070 1954 1157 1992 mysni
1188 1954 1350 1983 Han-arici
1381 1953 1469 1983 KLS
1499 1954 1642 1984 2212350.
1705 1952 1900 1984 Constnlinms
1929 1961 1993 1981 izos.

349 2004 494 2043 Sissillum
516 2004 628 2042 pendet
649 2005 715 2042 silis
738 2005 845 2034 sei-iuis
868 2005 954 2034 rubes
976 2004 1111 2042 flavique
1134 2004 1252 2036 enlm-is.

458 2064 600 2100 Bakales,
627 2064 699 2102 [try.
718 2064 827 2094 Lmlw.
849 2075 881 2101 p.
901 2066 940 2093 60
964 2075 1012 2094 ην.
1030 2066 1100 2094 uss).

463 2125 509 2160 (ss.
535 2123 553 2153 l.
573 2134 596 2153 c.
622 2126 867 2154 211·.!}‹s·:3—0s8.
893 2124 1071 2154 9!!()-.‘),‘),5.’.

458 2209 648 2238 Ludewieus
674 2209 732 2238 Dei
758 2209 866 2246 gracia
892 2209 1107 2239 Ronmnorum
1126 2210 1300 2249 imperator
1323 2220 1450 2250 semper
1475 2213 1628 2249 augustus
1718 2208 1850 2248 singulis
1875 2210 1905 2237 et
1929 2207 1997 2237 uni-

352 2260 461 2293 versis,
488 2259 527 2289 ad
552 2271 630 2299 quos
655 2264 819 2300 pr‹1*sentes
844 2261 1047 2300 pervenerint
1135 2261 1274 2301 graciam
1300 2271 1387 2290 suam
1414 2265 1445 2290 01
1469 2272 1562 2291 omne
1588 2260 1715 2290 bonum.

464 2311 639 2350 lmperialis
656 2311 893 2351 preeminencie
918 2312 1049 2351 requirit
1075 2316 1105 2342 ct
1123 2313 1222 2352 exigit
1240 2312 1406 2344 celsitudo,
1431 2318 1465 2342 ut
1482 2312 1622 2351 singulos
1647 2316 1678 2341 et
1702 2311 1865 2341 universos
1883 2310 1998 2340 devote

353 2363 442 2392 nobis
461 2368 492 2392 et
510 2362 647 2393 fideliter
666 2363 855 2392 famulantes
873 2363 1038 2403 condignis
1056 2365 1248 2403 premiorum
1267 2363 1441 2393 debeamus
1460 2363 1754 2393 remuneracionum
1773 2361 1998 2401 largicionibus

352 2415 535 2453 piwfvenire,
566 2418 598 2443 ut
627 2425 682 2453 spe
716 2415 983 2443 remuueras-ionis
1013 2416 1109 2444 ceteri
1144 2415 1183 2444 ad
1216 2420 1355 2445 nostrum
1386 2420 1417 2444 et
1448 2415 1571 2455 imperii
1603 2414 1752 2444 ulteriora
1782 2412 1936 2452 obsequia
1960 2422 1997 2442 eo

352 2465 530 2494 fel-velleius
556 2468 587 2495 et
611 2464 825 2494 confidencius
850 2465 1037 2494 animentur.
1085 2465 1201 2495 Notum
1229 2467 1324 2506 igitur
1349 2476 1416 2495 csse
1440 2466 1584 2495 volumus
1603 2469 1667 2495 tam
1685 2464 1885 2505 presentibus
1903 2473 1998 2503 quam

351 2515 479 2550 futuris,
510 2515 593 2555 quod
628 2527 683 2544 nos
712 2515 918 2545 advertentes
942 2516 1150 2546 devocioneni
1185 2521 1215 2546 et
1244 2516 1433 2546 fidelitatem
1462 2517 1569 2547 dilecti
1595 2516 1684 2546 nobis
1708 2515 1811 2545 fidelis
1836 2514 1998 2544 secretarii

355 2566 505 2596 Frideriei
532 2567 710 2606 purcgravii
737 2566 775 2596 (le
801 2566 1020 2597 Nurembereh
1046 2568 1171 2607 suisque
1203 2568 1232 2596 in
1258 2567 1316 2597 hac
1341 2572 1430 2608 parte
1457 2567 1668 2607 peticionibus
1693 2569 1869 2596 annuentes
1893 2565 1997 2595 eidem

353 2618 587 2653 auctoritatem,
614 2618 798 2647 fucultatem
824 2623 855 2648 01
881 2618 1007 2657 plenum
1035 2629 1125 2657 posse
1151 2618 1276 2651 (13111115,
1308 2618 1527 2657 concedimus,
1559 2618 1704 2648 dedimus
1730 2621 1761 2647 et
1785 2617 1998 2647 concessimus

352 2669 569 2700 esuis-fruendi.
607 2668 774 2698 (mlitieansli
807 2673 837 2697 et
862 2669 998 2698 faciendi
1031 2669 1190 2699 civitatem
1220 2670 1373 2699 munitam
1405 2671 1435 2699 in
1469 2669 1670 2699 Katzendorf
1696 2669 1862 2708 ipsamque
1892 2667 1998 2700 muris,

352 2720 478 2749 fossatis
513 2724 542 2749 01
576 2720 771 2760 quibuslibet
803 2720 916 2749 ceteris
946 2721 1162 2751 munimentis.
1196 2720 1308 2760 ‘luibus
1338 2721 1450 2750 muniri
1485 2725 1591 2751 cetere
1622 2723 1692 2750 sunt
1721 2720 1813 2749 solite
1843 2719 1997 2753 civitates„

2020 681 2041 698 111

2021 936 2042 954 15

2019 1191 2043 1209 20

2020 1448 2044 1466 ‘25

2021 1704 2030 1720 :5
2033 1703 2044 1719 0

2019 2070 2042 2087 35

2019 2373 2043 2389 41]

2018 2624 2041 2640 45
