2205 3025
149 921 172 940 10

154 1273 176 1290 15

150 1566 176 1585 ‘20

154 1822 178 1841 25

152 2079 177 2097 30

152 2334 177 2353 35

152 2588 179 2606 40

594 172 689 199 ACTA
710 171 823 199 REGNI
844 172 1028 199 LUDEWICI
1047 172 1094 198 IV.
1133 171 1206 198 1330.
1243 171 1290 198 Nn
1306 172 1363 198 771.
1382 172 1440 199 772.
1783 177 1844 206 [555

192 259 312 290 habent
340 269 402 300 gen
431 259 568 300 herczog
595 259 799 300 Ludtwigen)
829 269 890 289 von
922 259 1086 299 Paygern,
1115 258 1180 289 und
1210 257 1350 289 darnach
1379 269 1490 289 wannc
1520 258 1576 289 der
1607 259 1699 300 krieg
1727 260 1846 291 verriht

192 311 272 349 wirt,
297 310 355 341 dru
378 321 498 351 gcnczu
519 311 589 350 jare
618 321 658 341 an
682 310 834 351 geverde.
887 310 1100 341 Und'nemen
1129 310 1188 340 mit
1211 320 1326 341 namen
1351 320 1404 340 usz
1428 320 1489 351 gen
1514 310 1575 341 den
1599 311 1845 352 vorg(enanteln

191 372 344 393 unserren
368 362 483 393 herren
507 373 623 393 unsern
646 362 761 393 herren
785 361 922 402 herczog
947 361 1158 402 Rupprehten
1182 371 1243 392 von
1267 361 1427 402 Paygern,
1457 372 1518 402 gen
1544 361 1616 392 dem
1641 363 1698 392 wir
1721 363 1752 393 in
1776 363 1845 393 niht

192 413 355 444 beholffen
379 413 495 445 sollent
518 414 574 444 sin.
628 413 728 444 VViire
753 413 834 444 euch
860 413 916 444 daz
941 413 992 443 die
1017 411 1262 454 vorgena[n]ten
1288 423 1381 443 unser
1404 412 1520 444 herren
1544 423 1640 444 unser
1664 414 1845 445 bediirffent

192 464 336 496 wordent
352 465 540 496 uszerhalbe
558 465 631 496 dem
648 464 753 504 lande,
778 475 812 495 so
829 464 945 495 sfillent
969 464 994 494 si
1018 474 1076 494 uns
1093 463 1212 495 helffen
1228 464 1275 494 als
1291 464 1432 495 anderen
1449 465 1516 495 iren
1532 464 1682 505 dyenern.
1771 465 1845 497 Und

192 516 313 547 habent
337 516 471 547 darumb
495 527 590 547 unser
614 517 708 557 aigen
732 516 846 557 insigel
870 515 908 546 zii
932 516 1037 547 ainem
1062 515 1225 546 urchunde
1251 515 1411 556 gehencht
1434 526 1474 546 an
1500 515 1589 546 disen
1614 516 1704 547 brief.

299 568 366 598 Der
388 578 423 598 ze
449 567 622 608 Strazburg
646 567 751 608 geben
776 568 824 605 ist,
850 577 890 597 an
914 567 987 597 dem
1013 567 1127 607 Vritag
1156 568 1187 597 in
1212 566 1269 598 der
1292 567 1563 608 Pfingstwochen.
1594 567 1633 597 do
1663 578 1736 599 man
1760 569 1841 599 zalte

192 628 252 649 von
277 617 378 649 Gotez
402 619 537 659 geburte
563 617 881 649 druczelienhundert
901 618 972 657 jare
997 618 1061 648 und
1085 617 1224 648 darnach
1249 619 1279 648 in
1304 618 1378 649 dem
1403 618 1604 660 drisigesteni
1626 619 1687 658 jar.

424 836 564 879 772—
573 836 670 880 793.
713 833 1049 879 LUDEWIGI
1080 832 1150 877 SC
1159 834 1197 877 R
1206 834 1228 877 I
1240 834 1363 878 PTA
1394 834 1518 878 VAR
1527 835 1610 879 IA.

808 911 915 946 1330.
958 910 1038 945 Iun.
1066 911 1095 944 1.
1108 930 1157 933 ——
1169 910 1228 945 022.

607 1022 689 1056 772.
731 1022 892 1067 It'cccpte'o
921 1024 954 1056 in
985 1025 1198 1056 rastrcnswne.
1305 1022 1432 1056 [cml.

305 1095 466 1136 Orl'qimzlc
490 1096 563 1135 (or.)
597 1096 627 1126 in
658 1096 814 1127 labzdario
843 1096 983 1136 gscwcrali
1015 1095 1103 1135 remei
1126 1095 1290 1126 Bau-arici
1314 1095 1401 1126 KLS
1423 1106 1470 1126 ur.
1495 1096 1595 1126 4090.
1652 1096 1847 1127 Coutede'mus

193 1158 259 1179 nos.
306 1147 408 1187 Siyilli
427 1148 641 1188 siuymcnlnm
660 1148 774 1188 pendet
797 1148 862 1186 silis
885 1148 993 1178 scricis
1015 1147 1091 1184 llari
1115 1147 1262 1185 rnch
1285 1146 1404 1177 coloris.
1450 1147 1492 1177 In
1508 1147 1598 1177 dorso
1622 1147 1726 1177 eadem
1750 1157 1845 1178 manu

192 1209 229 1230 ac
252 1201 356 1230 textus
379 1202 511 1230 waram
535 1203 625 1230 sunl:
649 1199 754 1240 Super
776 1199 868 1230 bonis
892 1198 1107 1230 castrensibus
1132 1199 1162 1229 in
1187 1202 1290 1229 castro
1316 1199 1414 1229 veteri
1439 1208 1538 1238 prope
1563 1197 1765 1229 Swinfurthc.

303 1259 448 1295 Balemer,
474 1259 549 1299 Rey.
570 1259 682 1290 Ludw.
702 1270 736 1298 2).
750 1262 790 1289 70
813 1270 862 1290 ur.
880 1259 972 1289 11:15.

301 1343 549 1387 {{lL]u{{dowicus
580 1345 640 1376 Dei
667 1345 770 1386 gratia
802 1344 1020 1376 Romanorum
1049 1345 1223 1384 imperator
1255 1353 1383 1383 semper
1413 1346 1566 1383 augustus
1656 1343 1786 1383 singulis
1816 1346 1847 1373 et

193 1397 356 1435 universis5
386 1396 426 1427 ad
456 1407 590 1438 quorum
621 1397 771 1428 noticiam
803 1399 969 1437 presentes
994 1396 1138 1426 venerint
1270 1395 1406 1435 gratiam
1431 1404 1519 1424 suam
1545 1398 1577 1425 et
1600 1394 1744 1424 notitiam
1770 1394 1846 1424 sub-

193 1449 392 1489 scriptorum.

300 1499 520 1540 Amplioribus
538 1499 761 1530 munificentiis
785 1502 817 1530 et
834 1499 1045 1539 prerogativis
1063 1497 1277 1539 singularibus
1302 1497 1373 1528 illos
1398 1507 1455 1537 per
1479 1497 1681 1527 maiestatem
1706 1500 1846 1527 nostram

194 1554 358 1593 gratanter
381 1551 597 1592 circumplecti
622 1555 654 1582 et
678 1551 845 1592 participio
870 1551 1010 1591 gratiose
1028 1550 1234 1590 benignitatis
1259 1548 1405 1579 decorari
1422 1548 1578 1585 convenit,
1604 1558 1737 1588 quorum
1760 1550 1848 1578 actus

194 1602 306 1634 fideles
330 1601 387 1633 sub
412 1602 519 1633 debite
543 1603 707 1633 fidelitatis
736 1606 768 1633 et
792 1602 977 1633 devocionis
1002 1602 1181 1633 constantia
1210 1600 1426 1631 indesinenter
1454 1600 1618 1639 oportunis
1652 1599 1848 1639 temporibus

194 1654 400 1695 imperatoria
424 1654 579 1684 serenitas
603 1654 803 1694 approbavit.
850 1652 934 1684 Sane
952 1663 1023 1683 eum
1041 1652 1226 1693 spectabilis
1243 1650 1414 1682 Bel-toldus
1438 1661 1545 1681 comes
1562 1651 1602 1680 de
1619 1650 1849 1681 Henninberch

195 1706 385 1737 secretarius
409 1708 517 1736 noster
540 1705 644 1736 fidelis
669 1705 804 1736 dilectus
828 1705 891 1735 iam
909 1705 1019 1735 multis
1036 1704 1204 1735 retroactis
1222 1702 1420 1744 temporibus
1444 1702 1543 1735 nobis.
1569 1700 1849 1742 predecessoribus

194 1757 309 1788 nostris
333 1760 365 1788 ct
389 1767 478 1788 sacro
503 1757 650 1788 Romano
675 1758 810 1798 imperio
835 1757 935 1787 multa
959 1759 1051 1797 gieta
1076 1759 1109 1786 ct
1132 1756 1293 1786 fructuosa
1319 1755 1472 1785 hactenns
1497 1754 1671 1794 prestiterit
1695 1753 1848 1793 obsequia

199 1811 231 1840 et
254 1808 359 1839 adhuc
388 1809 530 1850 gratiora
559 1812 700 1849 prestare
730 1809 848 1849 poterit
877 1809 907 1838 in
931 1808 1087 1841 futurum,
1119 1807 1282 1848 profectu,
1312 1806 1432 1837 honore
1462 1805 1662 1845 comodmlue
1691 1805 1789 1835 nostri
1818 1808 1849 1834 et

195 1861 276 1890 sacri
300 1861 426 1900 imperii
450 1861 480 1891 in
505 1870 544 1891 eo
570 1860 714 1900 diligenti
738 1860 993 1890 consideratione
1019 1858 1237 1892 consideratis,
1262 1858 1365 1898 ipsum
1388 1856 1577 1888 Bertoldum
1601 1856 1751 1886 comitem
1775 1865 1848 1896 pre-

196 1911 315 1942 dictum
340 1911 541 1952 heredesque
565 1922 638 1942 suos
663 1915 787 1942 nostros
816 1916 847 1942 et
871 1912 952 1942 sacri
978 1911 1103 1952 imperii
1132 1913 1311 1941 castrenses
1340 1913 1371 1940 et
1396 1908 1592 1940 feodotarios
1622 1910 1794 1948 perpetuos
1818 1907 1849 1937 in

195 1966 299 1994 castro
324 1963 408 1993 dicto
434 1963 492 1993 daz
517 1963 580 1994 alte
605 1963 675 1994 Hus
699 1974 799 2004 prope
824 1964 986 1994 civitatem
1011 1962 1204 1993 Swinfurthc
1229 1962 1304 2000 sito,
1337 1972 1374 1991 eo
1399 1971 1460 1991 non
1486 1959 1631 1990 obstante
1662 1959 1687 1988 si
1715 1968 1770 1988 nos
1794 1961 1849 1988 aut

195 2024 396 2045 successores
420 2017 545 2045 nostros
569 2015 731 2046 civitatem
756 2015 933 2055 predictam
952 2013 1146 2045 Swinfurthe
1170 2024 1189 2044 a
1213 2013 1285 2043 (live
1311 2011 1544 2043 recordacionis
1568 2009 1847 2050 predecessoribus

196 2066 310 2097 nostris
334 2066 393 2096 sibi
418 2067 546 2107 suisque
575 2066 748 2097 heredibus
777 2077 834 2107 pro
864 2067 1003 2107 quinque
1033 2065 1161 2096 milibus
1190 2075 1368 2095 marcarum
1398 2063 1522 2104 argenti
1551 2062 1621 2102 puri
1649 2062 1745 2092 etiam
1776 2064 1807 2091 et
1831 2070 1849 2091 a

194 2117 285 2147 nobis
310 2117 499 2157 obligatam,
527 2121 620 2158 prout
644 2119 675 2148 in
699 2118 813 2148 litteris
838 2118 902 2148 suis
926 2117 1066 2157 desuper
1089 2116 1148 2147 sibi
1173 2116 1255 2146 datis
1279 2115 1458 2146 continetur
1482 2123 1632 2154 expresse
1645 2114 1664 2149 1,
1689 2112 1849 2142 redimere

196 2169 378 2209 contigerit.
410 2170 602 2203 creavimus,
634 2170 782 2206 fecimus7
816 2179 961 2200 creamus
994 2172 1025 2199 et
1058 2168 1191 2198 facimus
1225 2167 1419 2208 presentium
1451 2165 1632 2195 testimonio
1660 2163 1849 2194 litterarum.

195 2220 405 2260 Assignantes
434 2220 656 2251 nichilominus
685 2220 790 2251 eidem
819 2220 974 2251 Bertoldo
1004 2220 1112 2250 comiti
1141 2219 1269 2259 suisque
1299 2217 1470 2248 heredibus
1494 2226 1618 2251 aream,
1650 2215 1787 2254 spatium
1817 2217 1848 2244 et

196 2271 300 2302 locum
332 2272 362 2301 in
388 2271 472 2302 dicto
498 2276 600 2303 castro
626 2282 682 2313 pro
707 2273 806 2312 ipsius
832 2276 864 2303 et
887 2273 1028 2312 ipsorum
1053 2270 1256 2311 beneplacito
1282 2268 1511 2301 edificandum,
1540 2267 1565 2296 si
1597 2265 1773 2296 decreverit
1797 2268 1851 2295 aut

198 2322 399 2353 decreverint
422 2322 541 2353 ibidem
566 2324 728 2363 personali
752 2323 931 2354 residencia
955 2322 1107 2354 residere.
1154 2322 1309 2353 Volentes
1334 2321 1430 2351 etiam
1447 2319 1575 2350 indubie
1594 2317 1678 2358 quod
1696 2317 1755 2347 sibi
1772 2317 1850 2347 suis-

196 2384 258 2414 que
284 2374 438 2404 videlieet
462 2374 634 2405 heredibus
662 2375 832 2406 antedictis
861 2374 1004 2405 ciusdem
1035 2375 1143 2411 casn-i,
1173 2374 1462 2414 quocienscumque
1491 2370 1663 2400 necessitas
1689 2368 1850 2400 inheserit.

195 2424 236 2455 ad
262 2425 475 2456 resistendum
502 2428 534 2456 et
558 2426 784 2466 opponendum
808 2425 1024 2457 invasionibus
1048 2425 1165 2456 illicitis
1195 2428 1227 2455 et
1250 2424 1291 2454 ad
1315 2422 1550 2464 prohibendum
1580 2420 1746 2450 iniuriosos
1771 2429 1848 2459 quo-

195 2476 345 2507 rumlibet
372 2476 591 2507 invadentium
615 2477 702 2518 ipsos
726 2478 859 2508 insultus
884 2480 916 2508 et
939 2477 1096 2507 universis
1119 2476 1177 2506 sibi
1195 2474 1441 2516 coopmrantibus
1465 2473 1546 2503 liber
1561 2474 1670 2512 pateat
1687 2469 1848 2500 obstaculo

197 2527 283 2558 nullo
309 2538 438 2568 prorsus
463 2527 630 2558 obstantea
653 2529 758 2559 aditus
787 2532 819 2560 et
843 2539 1000 2570 egressus.
1054 2527 1266 2558 Conferentcs
1297 2526 1357 2567 ipsi
1389 2530 1419 2555 ct
1448 2525 1525 2565 ipsis
1549 2522 1768 2553 nichilominus
1792 2529 1847 2559 pro

198 2578 292 2609 feodo
325 2583 356 2609 et
392 2579 476 2609 bono
511 2580 663 2610 castrensi
695 2580 904 2611 medietatem
937 2579 1041 2610 rubeti
1072 2579 1138 2609 sive
1171 2579 1247 2618 ligni
1280 2577 1357 2607 dicti
1390 2576 1447 2606 der
1480 2575 1574 2614 Hayn
1614 2574 1705 2602 sitam
1741 2580 1849 2601 versus

196 2632 334 2660 castrum
361 2629 482 2660 dictum
505 2629 737 2671 Meyenberch,
768 2631 809 2662 ad
833 2631 953 2661 dictum
978 2634 1114 2661 castrum
1144 2629 1183 2660 ab
1208 2629 1338 2669 antiquo
1370 2626 1557 2667 pertinentis
1586 2628 1616 2654 ct
1646 2621 1846 2653 advocatiam

301 2722 365 2749 572.
393 2724 415 2755 ¹³)
436 2725 460 2748 in
481 2733 545 2749 nova
567 2726 648 2751 linea:
667 2725 731 2750 liber
749 2730 833 2757 pateat
853 2726 915 2750 add.
929 2726 1002 2750 etiam
1022 2725 1062 2748 lile
1081 2733 1118 2748 ον.

301 2782 325 2813 1)
346 2781 386 2813 Cf.
406 2790 489 2815 snpra
509 2785 569 2809 tom.
590 2783 614 2808 Γ
631 2792 671 2809 ην.
688 2787 717 2809 73
735 2786 759 2808 et
777 2791 837 2816 pag).
853 2787 879 2809 71
898 2785 953 2809 not.
968 2787 989 2808 2.
