2205 3025
134 794 159 812 10

134 1308 159 1328 20

133 1563 156 1582 25

133 1819 158 1839 ³0

135 2091 158 2111 35

130 2347 155 2366 40

130 2603 154 2622 45

627 226 723 253 ACTA
742 226 855 253 REGNI
874 226 1055 254 LUDEWICI
1076 227 1122 254 IV.
1160 228 1233 256 1330.
1272 229 1318 255 Nr.
1333 230 1390 256 814.
1766 233 1827 263 689

332 315 364 347 11)
400 312 562 352 Imprimis
591 313 675 343 enim
706 312 837 344 offertur
866 324 922 354 pro
953 317 1044 355 parte
1070 323 1140 353 sua,
1181 314 1266 355 quod
1298 315 1366 355 ipse
1394 315 1537 346 Bavarus
1568 315 1708 357 deponet
1737 328 1826 348 suum

223 363 399 394 hereticum
430 364 625 404 antipapam.
678 364 749 394 Hoc
778 368 885 395 autem
916 375 978 395 non
1002 367 1050 395 est
1074 365 1189 396 offerre
1214 366 1384 396 emendam
1412 367 1552 408 aliquam
1578 367 1617 398 de
1642 369 1827 399 commissis.

224 414 334 445 Primo
359 414 433 455 quia
457 415 553 446 etiam
578 415 602 444 si
626 425 719 446 verus
742 415 917 456 imperator
941 416 1108 451 existeret.
1143 416 1228 457 quod
1258 420 1366 447 tamen
1398 422 1522 449 constat
1552 429 1624 449 eum
1654 430 1715 450 non
1747 431 1827 459 esse,

223 465 380 507 depositio
404 466 476 496 talis
500 465 540 496 ad
564 476 637 496 eum
661 466 791 497 minime
816 467 999 507 pertineret.
1047 466 1192 498 Secundo
1218 468 1292 508 quia
1316 469 1453 508 ipsemet
1475 469 1591 500 Petrus
1616 470 1655 501 de
1672 470 1827 502 Corbario

223 521 346 548 reatum
371 527 460 547 suum
488 517 652 547 humiliter
674 527 908 558 recognoscens
934 528 953 548 a
977 522 1061 549 statu
1084 518 1153 556 illo.
1186 529 1281 560 quem
1313 520 1352 551 de
1382 520 1465 551 facto
1495 525 1677 562 receperat,
1707 522 1751 552 illi
1776 533 1827 554 re-

221 567 399 598 nunciando
424 578 457 598 se
482 567 522 598 de
547 567 630 598 facto
649 568 796 608 deposuit
821 572 853 599 et
876 569 915 600 ab
936 570 1004 609 ipso
1022 568 1189 611 di[s]cessit
1205 570 1341 609 Bavaro,
1366 573 1445 603 sicut
1469 573 1559 603 nobis
1582 573 1667 604 idem
1685 573 1827 613 merrus)

221 619 282 649 hiis
305 618 417 649 diebus
441 619 603 659 preteritis
627 629 779 659 persnas
803 619 926 650 litteras
956 631 1050 651 manu
1083 622 1215 662 scriptas
1246 623 1390 662 propria,
1422 634 1555 664 quarum
1586 628 1677 655 tenor
1708 625 1739 655 in
1768 625 1828 656 hec

220 670 318 701 verba
342 670 494 710 sequitur,
518 670 691 700 nunciavit:

328 729 613 761 ‘Reverentissimo
645 739 683 760 ac
707 730 905 761 sanctissimo
934 731 1016 771 patri
1045 735 1077 762 et
1105 731 1233 763 domino
1263 732 1391 763 domino
1416 733 1579 774 Uohanni)
1608 745 1691 776 pape
1720 745 1825 766 sacro-

221 786 329 813 sancte
349 781 496 812 Romane
521 780 656 812 ecclesie
768 781 866 812 frater
882 781 997 812 Petrus
1022 781 1061 812 (le
1080 781 1233 814 Corbario
1257 784 1371 824 dignus
1389 785 1475 815 omni
1491 795 1574 825 pena
1663 797 1696 817 se
1720 787 1825 827 ipsum

222 833 262 864 ad
287 833 387 874 pedes
410 843 482 863 cum
506 832 693 863 reverencia
715 842 791 863 vere
816 832 1030 864 subiectionis.

327 885 419 915 Licet
448 883 621 914 secundum
651 893 805 914 canonem
836 884 1021 925 evangelice
1053 886 1209 923 veritatis,
1242 887 1294 926 qui
1324 897 1386 916 non
1418 887 1513 918 intrat
1542 898 1599 928 per
1628 888 1765 919 hostium
1795 890 1826 919 in

220 935 301 967 ovile
319 936 425 977 gregis
442 935 602 975 dominici,
624 935 674 966 fur
689 935 871 976 appellatur
888 939 919 966 et
936 936 1037 966 latrol
1056 937 1240 977 rapacitatis
1257 937 1396 978 1upine2„
1423 939 1555 969 audiens
1572 942 1604 969 et
1621 939 1827 970 considerans

219 987 390 1028 diligenter
413 990 477 1017 tam
503 987 646 1018 enormia
670 987 793 1017 scelera
817 987 983 1027 pravitatis
1006 987 1252 1018 hereticefstilo
1279 989 1382 1020 ferreo
1408 994 1540 1020 exarata
1563 991 1593 1021 in
1618 1001 1723 1031 ungue
1748 991 1825 1022 ada-

219 1038 360 1070 mantino
370 1039 391 1077 ³,
417 1042 537 1079 quanta
553 1038 741 1069 dicebantur
764 1048 783 1069 a
799 1038 907 1068 inultis
931 1038 971 1069 de
988 1044 1094 1069 vestra
1111 1038 1213 1070 solida
1236 1039 1309 1071 fide.
1335 1041 1413 1071 sicut
1430 1045 1702 1082 presumptuosus,
1723 1046 1825 1073 teine-

219 1091 320 1121 rarius
349 1093 381 1121 et
409 1089 565 1131 superbus
599 1089 728 1121 ascendi
757 1100 853 1130 supra
881 1093 966 1120 astra
995 1089 1055 1120 celi
1085 1091 1317 1129 ecclesiastica,
1352 1091 1406 1122 ubi
1442 1092 1537 1122 michi
1571 1093 1651 1123 meis
1686 1094 1826 1133 peccatis

220 1142 423 1183 exigentibus
439 1145 551 1182 parata
575 1140 634 1172 fuit
654 1141 748 1172 sedes
771 1142 878 1182 inique
903 1141 1119 1182 p1·elationis⁴.
1157 1141 1212 1172 Set
1236 1146 1405 1183 postquam
1430 1143 1544 1174 deveni
1568 1143 1608 1174 ad
1633 1145 1826 1175 territorium

220 1193 410 1224 Pisanorum
445 1196 478 1223 et
509 1192 630 1233 quesivi
661 1192 906 1234 diligentissime
935 1192 975 1223 de
1007 1192 1159 1233 predictis
1188 1198 1219 1223 et
1248 1194 1367 1232 inveni,
1397 1194 1482 1235 quod
1511 1194 1641 1235 obliqua
1672 1199 1761 1226 erant
1795 1200 1826 1226 et

220 1244 299 1275 falsa
324 1248 356 1275 et
380 1243 574 1274 deficiebant
602 1244 633 1274 in
664 1243 806 1284 pondere
831 1244 988 1283 veritatis⁷
1020 1244 1107 1274 dolui
1139 1247 1171 1274 et
1200 1244 1294 1275 doleo
1325 1245 1532 1275 vehementer
1563 1249 1594 1276 et
1621 1246 1743 1287 penitet
1774 1256 1825 1277 me

222 1296 334 1326 fecisse
359 1305 421 1336 que
445 1295 506 1326 feci
530 1299 639 1326 contra
663 1296 731 1326 iura
755 1299 787 1326 et
810 1295 899 1336 leges
923 1296 1020 1326 vestri
1044 1296 1249 1326 sacratissimi
1275 1297 1411 1326 nominis
1438 1296 1477 1327 de
1503 1297 1633 1327 consilio
1658 1307 1824 1337 perverso-

218 1357 297 1377 rum.
343 1346 379 1377 In
408 1347 496 1377 cuius
525 1347 569 1377 rei
594 1347 811 1378 testimonium
836 1347 898 1377 iani
924 1350 972 1378 est
996 1346 1175 1388 completus
1205 1358 1305 1378 annus
1334 1348 1419 1388 quod
1443 1348 1661 1379 adversarium
1685 1351 1824 1379 vestrum

218 1402 330 1438 sponte
355 1397 459 1428 dimisi
483 1402 515 1429 et
538 1397 648 1428 sedem
673 1399 737 1429 mei
761 1399 998 1438 presumptuosi
1023 1398 1168 1428 culminis
1193 1398 1360 1440 dereliqui.
1407 1399 1447 1429 Et
1472 1410 1614 1440 propono
1639 1400 1771 1430 firmiter
1794 1401 1825 1430 in

218 1449 345 1480 civitate
362 1449 480 1479 Pisana
505 1452 537 1480 et
561 1450 657 1480 etiam
681 1450 712 1480 in
729 1449 816 1481 Urbe
833 1453 929 1490 atque
947 1449 1065 1490 ubique
1083 1450 1225 1480 locorum
1243 1460 1388 1487 renuere,
1412 1450 1586 1481 secundum
1611 1451 1695 1491 quod
1721 1456 1826 1482 vestra

218 1500 405 1531 beatissima
435 1501 586 1531 sanctitas
619 1501 799 1532 decreverit
827 1501 1047 1532 ordinandum.
1110 1500 1150 1531 Et
1180 1502 1254 1542 quia
1283 1502 1471 1541 gravissime
1505 1502 1635 1543 peccavi
1665 1506 1697 1532 et
1725 1503 1827 1533 erravi

220 1556 368 1593 patenter
391 1552 422 1582 in
446 1552 552 1582 invi0⁵
577 1556 609 1583 et
631 1553 741 1583 nonin
758 1553 819 1592 via,
844 1553 988 1593 supplico
1006 1557 1110 1584 vestre
1135 1553 1382 1583 clementissime
1407 1554 1535 1593 pietati,
1561 1554 1708 1594 quatinus
1732 1554 1826 1584 michi

218 1604 360 1634 maximo
384 1603 545 1644 peccatori
570 1603 747 1644 dignemini
774 1614 907 1644 parcere
931 1603 1106 1635 secundum
1138 1603 1376 1634 multitudinem
1405 1614 1555 1645 magnam
1587 1605 1826 1636 misericordie6

217 1655 279 1686 Dei
303 1655 377 1694 vivi,
401 1658 436 1685 ut
459 1665 596 1685 renuens
620 1666 660 1686 ex
685 1656 759 1686 totis
782 1655 957 1686 visceribus
981 1655 1110 1686 deleam
1134 1658 1166 1686 et
1190 1655 1382 1686 adnichileni
1408 1655 1590 1696 supradicta
1615 1656 1654 1687 de
1679 1656 1827 1687 cordibus

218 1707 438 1737 universorum
462 1705 604 1737 fidelium
629 1710 661 1738 et
685 1717 740 1738 ora
764 1706 931 1738 clauda1n7
957 1707 1097 1737 oninium
1122 1705 1411 1748 [obloquentium]g
1429 1707 1468 1737 de
1494 1710 1599 1737 vet-:tra
1624 1708 1826 1738 serenissima

218 1758 400 1796 sanctitate,
429 1760 463 1787 ut
486 1757 516 1787 in
541 1758 678 1789 ecclesia
703 1758 742 1788 de
773 1762 880 1789 cetero
909 1759 948 1788 sit
977 1769 1056 1788 unus
1088 1762 1196 1798 pastor
1224 1761 1256 1788 et
1285 1768 1380 1788 unuin
1407 1759 1512 1788 ovile*
1538 1769 1593 1798 prs»
1619 1769 1698 1798 pace
1729 1760 1826 1789 totius

219 1809 328 1849 populi
353 1809 523 1839 christiani.

324 1859 412 1893 Dat?

325 1932 372 1964 (115
404 1928 550 1959 Secundo
576 1929 699 1962 dicitur.
725 1928 808 1969 quod
833 1929 964 1960 recedet
988 1929 1027 1960 de
1049 1929 1267 1970 appellatione
1292 1939 1357 1960 sua.
1394 1930 1564 1960 Certencc
1582 1928 1749 1959 emendam
1767 1929 1823 1959 ali-

218 1990 313 2020 quam
338 1990 395 2021 per
418 1980 479 2011 hoc
504 1980 612 2017 offert.
637 1991 707 2011 cum
731 1990 789 2011 nec
813 1990 869 2011 sue
894 1980 1103 2021 appellationi
1127 1981 1151 2011 si
1177 1992 1238 2022 qua
1263 1981 1358 2011 suerit
1382 1981 1568 2011 renunciare
1593 1980 1650 2010 nisi
1675 1979 1715 2010 de
1740 1980 1824 2010 facto

218 2031 352 2070 valeret,
383 2041 453 2062 cum
479 2031 518 2062 de
542 2032 610 2062 iure
635 2042 697 2062 non
721 2032 860 2063 tenuerit
882 2032 969 2062 velut
993 2032 1033 2063 ab
1058 2032 1201 2063 heretico
1226 2033 1393 2063 interiecta
1426 2036 1457 2063 et
1483 2031 1523 2062 ab
1548 2041 1600 2069 eo,
1633 2042 1651 2061 a
1676 2041 1738 2071 quo
1762 2042 1824 2062 non

220 2081 303 2121 licet.
329 2092 400 2113 cum
424 2083 622 2123 superiorem
647 2093 710 2113 non
733 2083 861 2117 habeat.
887 2083 1064 2124 appellare.

324 2137 384 2169 (III)
410 2134 519 2165 Tertio
538 2134 679 2173 offertur,
704 2134 789 2175 quod
814 2136 919 2165 omnia
937 2146 997 2176 que
1022 2134 1098 2166 fecit
1114 2146 1171 2166 seu
1187 2135 1393 2175 attemptavit
1412 2138 1521 2165 contra
1545 2144 1601 2163 nos
1626 2136 1658 2164 et
1682 2136 1823 2164 sanctam

215 2184 397 2216 Romanam
422 2185 605 2224 ecclesiam,
631 2196 702 2216 cum
726 2186 843 2217 effectu
867 2186 985 2217 debeat
1008 2197 1169 2217 revocare.
1224 2187 1261 2217 In
1285 2186 1345 2217 hoc
1371 2186 1467 2216 etiam
1493 2186 1578 2216 clare
1603 2188 1705 2225 patet.
1738 2184 1822 2225 quod

217 2236 354 2267 emenda
377 2237 484 2277 aliqua
507 2247 570 2267 non
595 2236 735 2267 offertur.
786 2237 905 2268 Contra
935 2248 992 2268 nos
1016 2239 1099 2268 enim
1132 2249 1187 2269 seu
1215 2245 1324 2268 contra
1350 2237 1529 2268 Romanam
1561 2236 1729 2267 ecclesiam
1760 2246 1822 2266 non

216 2287 320 2327 potuit
342 2288 401 2318 nisi
425 2288 465 2319 de
489 2288 574 2319 facto
599 2288 719 2329 aliquid
743 2288 859 2320 facere.
907 2288 999 2320 Unde
1025 2289 1050 2319 si
1075 2289 1160 2330 quod
1185 2289 1225 2319 de
1250 2289 1333 2320 facto
1359 2288 1444 2327 fecit,
1471 2287 1510 2318 de
1528 2287 1611 2317 facto
1629 2290 1767 2320 revocet.
1791 2288 1822 2317 in

216 2337 276 2369 hoc
299 2339 386 2370 nulla
410 2339 491 2379 Deo,
515 2339 606 2370 nobis
630 2349 687 2370 seu
711 2340 847 2371 ecclesie
871 2344 1032 2381 prestatur
1056 2341 1202 2372 emenda.

324 2393 384 2427 (IV)
416 2390 536 2426 Quarto
561 2401 617 2431 pro
642 2394 734 2431 parte
759 2392 827 2422 eius
845 2392 985 2426 offertur.
1011 2392 1095 2433 qnod
1113 2394 1322 2433 recognoscet
1347 2401 1380 2421 se
1400 2390 1575 2421 excessisse
1601 2393 1632 2420 et
1649 2391 1823 2421 sententias

217 2441 555 2472 excommunicationis
579 2442 682 2482 ipsum
712 2443 839 2484 ligasse.
886 2443 951 2474 Per
981 2443 1041 2474 hoc
1071 2447 1160 2484 patet
1188 2444 1296 2474 etiam.
1329 2441 1414 2482 quod
1442 2452 1500 2473 nec
1524 2442 1611 2481 Deo,
1643 2441 1733 2472 nobis
1764 2451 1821 2471 nec

216 2491 351 2523 ecclesie
375 2493 483 2534 aliqua
508 2492 640 2524 offertur
663 2494 808 2524 emenda.

322 2547 367 2579 (V)
392 2544 510 2580 Quinto
534 2544 666 2575 offertur
689 2556 746 2585 pro
771 2548 861 2585 parte
887 2546 968 2584 eius,
998 2545 1082 2586 quod
1107 2546 1208 2587 gratie
1233 2548 1340 2575 nostre
1366 2554 1398 2575 se
1425 2543 1553 2574 offerret
1577 2542 1617 2573 ad
1641 2542 1818 2573 misericor-

217 2593 311 2624 diam.
357 2594 422 2626 Per
450 2595 510 2626 hoc
534 2596 653 2636 quippe
682 2596 786 2633 offert„
811 2596 895 2637 quod
920 2607 938 2627 a
962 2596 1054 2627 nobis
1078 2600 1167 2637 petet
1191 2594 1455 2628 misericordiam.
1481 2591 1541 2624 non
1572 2593 1656 2633 quod
1680 2593 1817 2633 aliquam

215 2648 335 2685 prestet
359 2645 538 2677 emendam.

275 2729 339 2756 814.
368 2730 386 2761 f)
406 2733 432 2756 in
451 2733 566 2763 maryine
584 2732 646 2756 add.
660 2741 680 2756 c.
769 2732 793 2763 ἕ)
812 2733 903 2757 excidit
922 2742 941 2757 e.

276 2789 300 2819 1)
321 2789 376 2815 Ich.
390 2793 428 2822 10,
443 2794 463 2816 1.
551 2790 577 2815 ⁴2]
599 2790 639 2822 Cf.
654 2791 712 2816 Act.
727 2794 768 2822 20,
782 2793 822 2816 29.
911 2791 937 2823 3)
957 2791 1046 2817 Ierem.
1062 2795 1097 2821 17,
1112 2797 1135 2817 1.
1215 2793 1241 2823 4}
1262 2790 1300 2824 Cf.
1318 2790 1362 2815 Ps.
1378 2793 1418 2821 93,
1429 2792 1468 2815 20.
1553 2789 1577 2813 5¹1
1600 2787 1638 2819 Cf.
1654 2787 1696 2812 Ps.
1712 2788 1764 2817 106,
1775 2788 1815 2810 40.

173 2830 198 2861 6)
217 2830 292 2856 Dan.
306 2834 328 2863 3,
344 2835 384 2857 42,
472 2833 498 2859 75
521 2832 562 2863 Cf.
577 2833 654 2858 Esth.
669 2837 706 2864 14.
721 2836 743 2858 9.
832 2833 858 2865 8)
881 2832 920 2864 Cf.
934 2833 993 2860 1011.
1008 2837 1046 2865 10,
1058 2838 1092 2860 16.

275 2890 312 2908 LL.
326 2890 538 2908 CONSTrrUTonES
552 2891 585 2908 VI.
1578 2880 1609 2905 ST
