2205 3025
153 729 177 748 10

153 985 175 1003 15

153 1242 178 1262 20

153 1493 177 1512 2⁵

154 1751 179 1770 ³0

154 2007 177 2026 35

154 2266 179 2284 40

154 2521 178 2538 45

600 163 695 189 ACTA
715 162 826 189 REGNI
848 163 1031 190 LUDEWICI
1050 163 1096 189 IV.

243 252 267 280 1.
296 249 377 280 Eam
406 249 500 280 decet
531 254 672 280 nostram
701 249 902 290 imperialem
933 250 996 281 cle-

195 301 353 332 menciam
379 301 598 332 benivolencie
626 301 781 342 pietatem
812 300 995 342 ostendepe

195 352 325 393 copiose
364 351 445 394 hiis]
484 353 537 393 qui
571 355 677 383 nostre
718 352 897 383 celsitudini
932 353 996 382 suis

195 404 325 434 minime
350 403 531 434 deferentes
560 403 746 444 corporibus
773 407 870 444 atque
902 404 997 434 rebus

196 465 253 495 pro
291 454 408 485 viribus
444 455 657 495 obsequntur,
697 457 731 485 ut
765 455 818 485 alii
853 455 995 495 ipsorum

195 505 305 536 allecti
329 505 494 536 beneficiis
517 516 554 536 ac
579 505 763 545 honoribus,
788 505 903 546 quibus
928 505 997 548 [per

195 559 337 587 nostram
366 555 604 598 impe]riale[m]
636 557 832 588 extolluntur
855 558 996 588 clemen-

196 608 288 645 ciam,
308 608 484 639 eorundem
501 609 622 639 incitati
636 608 726 639 nobis
739 608 779 639 ad
794 608 997 649 beneplacita

195 659 374 690 fervencius
406 660 586 690 animentur
620 670 657 691 ac
686 661 783 691 etiam
815 661 997 701 prompcius

196 714 409 751 provocentur
447 711 489 742 ad
526 712 713 752 benegrata.
781 711 996 742 Attendentes

195 762 303 802 itaque
336 765 429 802 grata
463 765 495 793 et
526 762 644 793 devota
673 763 806 793 servicia
837 763 928 794 nobis
959 773 995 793 ac

197 812 343 843 Romano
374 813 508 854 imperio
537 823 595 854 per
622 824 677 845 vos
706 817 892 855 vestrosque
923 824 995 854 pre-

196 864 383 895 decessores
422 865 529 895 multis
572 865 635 895 iam
674 868 758 896 retro
798 865 996 906 temporibus

195 915 351 946 fidelitate
382 926 443 946 non
474 916 601 947 modica
638 920 820 947 constanter
853 917 997 948 exhibita

195 971 303 997 nostro
339 967 449 997 favore
485 977 540 998 vos
575 968 689 1008 dignos
723 969 927 1008 agnoscimus
966 972 997 999 et

195 1018 325 1059 speciali
351 1029 406 1049 vos
431 1029 597 1049 censemus
618 1019 846 1050 beneficiorum
864 1030 996 1050 munere

194 1069 398 1100 attollendos.
452 1070 555 1105 Quam
581 1070 621 1100 ob
652 1081 717 1101 rcni
748 1071 907 1111 imperiali
932 1071 996 1101 ele-

196 1121 321 1152 mencia
346 1121 519 1162 specialem
544 1122 634 1152 vobis
665 1123 801 1162 gratiam
832 1122 996 1161 facientes,

198 1176 232 1203 ut
256 1183 311 1203 vos
343 1173 504 1214 vestrique
535 1183 735 1204 successores
763 1176 795 1204 et
819 1174 939 1214 posteri
967 1174 997 1204 in

197 1223 316 1265 oppido
350 1227 519 1265 prenotato
555 1225 644 1255 annis
679 1225 811 1265 sing-ulis
844 1225 997 1256 ducentas

196 1286 335 1311 marcas,
371 1275 472 1306 tribus
500 1276 734 1315 Hallenrsibus')
771 1287 828 1317 pro
865 1277 996 1307 denario

196 1326 379 1358 Coloniensi
397 1327 617 1368 computandis,
642 1327 733 1358 nobis
757 1332 811 1358 aut
828 1329 943 1358 nostris
967 1329 996 1358 in

195 1377 342 1409 Romano
380 1389 478 1420 regno
514 1379 564 1409 vel
600 1379 733 1420 imperio
762 1379 998 1410 successoribus

195 1433 250 1460 aut
274 1431 420 1471 cuiquam
446 1434 553 1461 nostro
576 1431 626 1461 vel
650 1431 790 1471 ipsorum
815 1431 943 1461 nomine
967 1432 997 1461 in

197 1482 279 1512 festo
304 1481 389 1512 beati
414 1482 543 1513 Martini
574 1485 697 1513 tantum
722 1482 799 1513 dare
825 1482 997 1513 teneamini

195 1533 322 1563 nomine
348 1534 444 1564 stiure
470 1543 526 1564 seu
543 1534 677 1564 collecte
695 1538 846 1564 consuete
856 1534 868 1551 b
886 1537 918 1564 et
935 1544 996 1564 non

197 1585 289 1620 ultra,
319 1588 429 1615 tenore
460 1586 656 1625 presentium
681 1585 769 1615 vobis
794 1585 999 1616 concedimus

197 1645 233 1666 ac
259 1635 355 1666 ctiam
379 1635 556 1666 liberaliter
579 1636 791 1677 indulgemus

240 1689 267 1717 2.
303 1687 451 1728 Amplius
491 1692 597 1718 nostre
632 1687 721 1718 vobis
757 1688 998 1728 magnificencie

200 1738 367 1769 dexteram
394 1738 522 1769 uberius
546 1739 664 1779 aperiri
692 1740 857 1779 cupientes
885 1750 998 1769 conce-

201 1789 319 1828 dimus,
348 1792 381 1819 ut
406 1789 570 1830 ungeltum
596 1789 705 1830 oppidi
731 1791 827 1820 vestri
853 1790 998 1830 predicti,

196 1841 235 1871 de
269 1840 513 1882 quibuscunque
546 1840 642 1872 rebus
671 1841 841 1872 collectum
869 1845 924 1871 aut
948 1851 997 1871 re-

201 1895 330 1932 ceptum
366 1891 477 1929 fuerit,
517 1893 547 1922 in
583 1896 704 1923 vestros
734 1891 997 1934 vesti-opumque]

199 1953 419 1973 successorum
444 1946 475 1974 et
499 1946 701 1984 posterorum
725 1944 755 1974 in
777 1943 861 1974 dicto
880 1943 998 1984 oppido

201 1998 232 2025 et
262 1995 360 2034 ipsius
389 1994 499 2035 oppidi
525 2005 710 2026 communes
739 2005 814 2025 usus
843 1998 999 2036 perpetuo

197 2046 326 2086 possitis
366 2048 552 2076 convertere
592 2049 624 2076 et
662 2045 860 2086 expendere,
907 2047 999 2077 sicuti

196 2097 287 2127 vobis
312 2097 417 2127 utilius
443 2097 602 2128 videbitur
627 2097 797 2137 expedire,
832 2097 916 2138 quod
941 2108 998 2128 ex-

198 2159 279 2178 nunc
319 2148 408 2178 vobis
448 2149 625 2189 vestrisque
664 2148 911 2190 suceessorqbus.
954 2148 997 2190 et]

196 2200 332 2240 posteris
366 2211 422 2240 pro
450 2200 541 2230 nobis
564 2210 601 2230 ac
625 2201 739 2230 nostris
764 2200 998 2231 successoribus

198 2251 292 2291 plene
317 2251 521 2290 remittimus,
557 2251 711 2282 donamus
739 2255 771 2281 et
795 2251 998 2283 concedimus

197 2313 254 2342 per
278 2306 452 2343 presentes.

240 2357 268 2384 23.
300 2353 351 2384 Ad
371 2353 429 2384 hec
444 2353 584 2385 uberiori
601 2364 656 2384 vos
674 2355 879 2395 prerogativa
897 2354 998 2395 gratie

198 2406 350 2446 prosequi
385 2405 601 2443 intendentes,
642 2406 701 2436 hoc
737 2405 832 2436 divali
869 2404 997 2447 [scripto

197 2457 379 2494 statuimus,
416 2455 611 2497 orldinamus
646 2461 678 2487 et
711 2457 911 2488 decernimus
942 2467 999 2497 per

198 2511 373 2547 presentes,
391 2508 477 2548 quod
494 2508 598 2538 nullus
616 2507 768 2548 deinceps
786 2519 840 2538 vos
858 2512 995 2538 vestros-

198 2568 259 2598 que
288 2569 487 2589 successores
523 2569 559 2589 ac
587 2563 733 2599 posteros
765 2570 821 2599 pro
854 2569 995 2600 quocun-

198 2619 259 2649 que
290 2609 414 2647 debito,
450 2614 612 2640 contracto
641 2620 698 2651 per
726 2620 783 2640 nos
812 2614 866 2640 aut
901 2611 997 2641 alium

1135 162 1209 190 1330.
1245 163 1364 189 Nr.758.
1385 163 1441 190 759.
1786 166 1847 195 645

1097 253 1121 279 1.
1152 249 1234 281 Eam
1262 249 1356 280 decet
1384 252 1524 280 nostram
1556 249 1756 290 imperialem
1781 250 1848 281 cle-

1049 301 1206 332 menciam
1235 300 1463 332 benevolencie
1495 301 1649 341 pietatem
1678 301 1848 332 ostendere

1049 353 1179 392 copiose
1218 352 1290 391 hiis,
1331 352 1385 393 qui
1419 354 1526 383 nostre
1567 351 1747 383 celsitudini
1785 353 1849 383 suis

1050 404 1190 444 mynime
1215 403 1398 434 deferentes
1422 403 1609 443 corporibus
1633 406 1729 444 atque
1754 403 1849 434 rebus

1050 466 1106 495 pro
1139 455 1258 486 viribus
1289 455 1520 496 obsequuntur,
1556 457 1590 485 ut
1623 454 1677 485 alii
1708 456 1847 495 ipsorum

1049 506 1145 537 alecti
1168 506 1332 537 beneficiis
1361 516 1397 536 ac
1429 505 1617 544 honoribus,
1648 506 1762 546 quibus
1792 517 1849 547 per

1051 561 1211 588 nostram³
1244 557 1443 598 imperialem
1479 557 1675 587 extolluntur
1709 558 1849 589 clemen-

1052 609 1140 648 tiam,
1159 608 1334 639 eorundem
1349 609 1470 639 incitati
1484 608 1574 639 nobis
1591 608 1632 639 ad
1646 608 1849 649 beneplacita

1050 659 1228 691 fervencius
1262 661 1443 691 animentur
1480 670 1516 690 ac
1555 660 1652 690 ctiam
1690 661 1850 700 promcius

1050 714 1264 752 provocentur
1301 711 1342 741 ad
1381 711 1567 751 benegrata.
1636 711 1850 742 Attendentes

1051 764 1158 804 itaque
1191 766 1282 803 grata
1318 766 1349 793 et
1386 762 1503 793 devota
1530 762 1665 793 servicia
1693 762 1783 793 nobis
1812 773 1848 793 ae

1050 814 1196 845 Romano
1227 814 1363 854 imperio
1394 824 1451 854 per
1478 824 1533 844 vos
1563 816 1748 854 vestrosque
1776 824 1848 854 pre-

1051 865 1238 896 decessores
1276 865 1382 896 multis
1422 865 1483 895 iam
1529 868 1613 895 retro
1652 865 1850 905 temporibus

1050 917 1206 948 fidelitate
1241 927 1302 947 non
1334 916 1461 947 modica
1491 919 1673 947 constanter
1705 916 1849 947 exhibita

1051 972 1158 999 nostro
1189 968 1298 999 favore
1330 979 1386 998 vos
1417 968 1531 1008 dignos
1563 968 1787 1008 angnoscimus
1818 971 1850 998 et

1051 1019 1181 1060 speciali
1204 1030 1259 1049 vos
1284 1030 1449 1050 censemus
1466 1019 1694 1049 beneficiorum
1718 1029 1850 1050 munere

1051 1071 1255 1102 attollendos.
1306 1071 1411 1106 Quam
1442 1070 1482 1101 ob
1512 1080 1578 1100 rem
1603 1070 1761 1111 imperiali
1785 1070 1850 1100 cle-

1050 1123 1176 1153 mencia
1200 1122 1374 1162 specialem
1399 1121 1488 1152 vobis
1518 1122 1658 1162 graciam
1688 1121 1850 1156 facientes

1051 1177 1085 1204 ut
1110 1184 1164 1204 vos
1188 1174 1349 1213 vestrique
1381 1183 1583 1203 successores
1614 1176 1645 1203 et
1673 1173 1791 1213 posteri
1820 1173 1851 1203 in

1051 1225 1147 1266 opido
1188 1228 1355 1265 prenotato
1400 1225 1489 1254 annis
1527 1224 1660 1264 singulis
1698 1224 1851 1254 ducentas

1051 1287 1191 1314 marcas,
1228 1276 1327 1306 tribus
1358 1275 1592 1314 IIallen(sibus)
1629 1286 1685 1315 pro
1721 1274 1851 1305 denario

1052 1327 1237 1358 Coloniensi
1266 1326 1503 1368 computandis.
1532 1326 1624 1357 nobis
1654 1329 1708 1356 aut
1737 1326 1852 1356 nostris

1053 1380 1083 1409 in
1100 1379 1248 1409 Romano
1274 1389 1373 1419 regno
1390 1378 1439 1408 vel
1466 1378 1599 1418 imperio
1617 1377 1852 1408 successoribus

1053 1436 1107 1461 aut
1125 1431 1273 1470 cuiquam
1299 1433 1405 1460 nostro
1429 1429 1480 1459 101
1504 1430 1645 1469 ipsorum
1670 1429 1796 1459 nomine
1822 1429 1851 1458 in

1054 1483 1135 1513 festo
1160 1481 1247 1512 beati
1271 1481 1397 1512 Martini
1427 1483 1551 1511 tantum
1579 1480 1655 1510 dare
1681 1480 1853 1510 teneamini
1868 1486 1922 1506 Nov.
1935 1488 1965 1506 11.

1055 1534 1182 1564 nomine
1208 1537 1293 1563 sture
1318 1543 1374 1563 seu
1399 1532 1532 1562 collecte
1558 1535 1708 1562 consuete
1738 1535 1769 1562 et
1794 1542 1854 1561 non

1055 1585 1153 1624 ultra,
1179 1588 1289 1615 tenore
1315 1584 1513 1624 presencium
1538 1582 1628 1613 vobis
1652 1582 1854 1613 concedimus

1053 1640 1084 1667 et
1109 1636 1213 1666 eciam
1238 1635 1414 1665 liberaliter
1437 1634 1648 1674 indulgemus.

1096 1690 1124 1719 2.
1161 1687 1308 1727 Amplius
1344 1689 1450 1716 nostre
1488 1685 1577 1715 vobis
1612 1684 1851 1725 magnificencie

1053 1738 1220 1769 dexteram
1250 1737 1378 1767 uberius
1402 1737 1519 1777 aperiri
1549 1737 1712 1776 cupientes
1737 1746 1850 1766 conce-

1053 1789 1166 1827 dimus,
1192 1792 1225 1819 ut
1248 1788 1414 1828 ungcltum
1439 1787 1525 1828 opidi
1550 1787 1694 1828 predicti,
1719 1786 1759 1817 de
1784 1787 1852 1827 qui·

1054 1840 1252 1880 buscumquc
1278 1839 1372 1870 rebus
1401 1839 1570 1870 collectum
1600 1842 1655 1869 aut
1686 1842 1850 1878 receptum

1052 1892 1157 1929 fucrit,
1183 1892 1212 1921 in
1230 1894 1354 1922 vestros
1375 1893 1616 1930 vestrorumque
1633 1899 1851 1920 succesfflJrum

1053 1947 1085 1974 et
1121 1943 1333 1983 posteriorum
1367 1942 1397 1972 in
1433 1941 1516 1972 dicto
1552 1940 1648 1982 opido
1688 1944 1719 1971 et
1753 1941 1851 1981 ipsius

1053 1994 1139 2035 opidi
1163 2004 1349 2025 communes
1367 2004 1440 2024 usus
1457 1996 1614 2033 perpetuo
1633 1992 1759 2032 possitis
1776 2002 1850 2022 con-

1052 2050 1178 2076 vertere
1211 2050 1243 2076 et
1273 2045 1472 2085 expendere,
1502 2045 1594 2075 sicuti
1625 2043 1714 2074 vobis
1743 2043 1851 2074 utilius

1053 2097 1215 2128 videbitur
1253 2096 1423 2138 expedire,
1470 2096 1554 2136 quod
1599 2105 1723 2126 exnunc
1761 2095 1850 2125 vobis

1054 2149 1230 2189 vestrisque
1270 2147 1506 2178 successoribus
1549 2150 1580 2177 et
1619 2147 1755 2187 posteris
1794 2156 1850 2186 pro

1052 2200 1143 2231 nobis
1178 2210 1214 2230 ac
1255 2200 1368 2230 nostris
1401 2198 1637 2229 successoribus
1672 2197 1766 2238 plene
1801 2207 1850 2228 re-

1052 2253 1201 2290 mitimus,
1227 2251 1382 2281 donamus
1409 2253 1440 2280 et
1467 2249 1670 2280 concedimus
1698 2259 1755 2289 per
1779 2259 1850 2289 pre-

1052 2308 1168 2334 sentes.

1096 2357 1124 2384 3.
1149 2354 1199 2385 Ad
1219 2354 1276 2384 hec
1294 2353 1435 2384 uberiori
1452 2363 1507 2383 vos
1523 2353 1727 2392 prerogativa
1742 2352 1849 2393 gracie

1053 2406 1204 2446 prosequi
1242 2404 1458 2442 intendentes,
1502 2403 1561 2434 hoc
1600 2403 1695 2434 divali
1733 2404 1849 2443 scripto

1052 2457 1233 2493 statuimus,
1273 2455 1456 2486 ordinamus
1492 2458 1523 2485 et
1558 2454 1759 2485 decernimus
1794 2464 1850 2493 per

1051 2511 1226 2548 presentes,
1252 2506 1337 2547 quod
1354 2506 1458 2536 nullus
1475 2506 1626 2545 deinceps
1644 2516 1698 2535 vos
1715 2509 1849 2534 vestros-

1051 2569 1113 2600 que
1137 2568 1338 2589 successores
1362 2568 1397 2587 ac
1415 2561 1561 2598 posteros
1585 2567 1641 2596 pro
1660 2564 1848 2596 quocunque

1052 2610 1172 2649 debito,
1197 2612 1360 2640 contracto
1387 2619 1442 2649 per
1465 2619 1521 2638 nos
1545 2611 1599 2637 aut
1623 2607 1719 2637 alium
1738 2616 1848 2646 quem-

301 2709 364 2736 758.
393 2711 416 2743 ¹¹)
437 2713 536 2736 nornine
549 2717 710 2737 —consuete
728 2717 825 2736 mutato
845 2712 930 2743 ductu,
949 2713 1007 2738 stilo
1028 2713 1118 2737 latiori
1137 2714 1162 2737 in
1183 2714 1236 2737 loco
1256 2720 1315 2736 raso
1334 2712 1429 2743 scr-flata
1452 2712 1482 2734 A.

307 2770 369 2796 759.
399 2771 421 2801 ³)
442 2773 554 2803 graciam
574 2772 605 2796 B.
