2205 3025
386 136 447 164 1312
787 129 882 156 ACTA
905 129 1016 155 REGNI
1037 128 1220 156 LUDEWICI
1233 122 1285 155 Ἰγ.
1324 129 1398 155 1:330.
1435 128 1483 154 Nr.
1497 128 1554 154 755.
1575 128 1631 154 756.

387 220 493 249 dicant
518 218 632 258 iugiter
656 217 838 247 uberiorem
863 216 999 257 gratiam
1026 215 1109 246 dicte
1133 215 1234 254 sediti,
1259 216 1475 246 hereticorum
1499 218 1531 246 ct
1555 214 1808 246 scismaticorum
1832 215 2042 247 fraudulentis

386 268 645 311 persuasionibus
669 279 705 298 ac
730 268 822 298 minis
847 271 879 298 et
902 267 1165 307 promissionibus
1189 267 1366 307 venenosis7
1392 266 1506 308 quibus
1530 277 1586 297 vos
1611 270 1643 297 et
1666 265 1779 297 fideles
1802 266 1882 297 alios
1905 267 2043 298 libenter

386 332 404 352 a
429 321 490 351 fide
516 321 709 350 diverterent
739 329 913 359 secumque
938 319 969 348 in
993 328 1049 349 sue
1075 318 1312 359 dampnationis
1336 318 1464 349 devium
1489 318 1667 355 traherent,
1699 318 1827 348 omnino
1852 319 2042 359 contemptis

386 382 508 402 necnon
540 372 629 412 penis
660 381 697 401 ac
722 371 893 401 sentenciis
917 369 1137 410 spiritualibus
1162 373 1194 400 et
1219 369 1449 410 temporalibus
1472 370 1582 410 utique
1606 370 1794 410 periculosis
1825 372 1858 400 et
1881 369 2041 410 gravibus,

387 423 501 464 quibus
528 423 587 463 ipsi
611 432 786 462 eorumque
811 421 995 461 complices,
1020 431 1186 462 sequaces,
1211 421 1363 459 fautores,
1387 420 1550 452 adiutores
1574 424 1605 452 et
1629 421 1675 452 eis
1698 420 1891 452 adherentes
1912 421 2043 451 obnoxii

386 478 418 505 et
444 475 533 515 ligati
554 474 693 504 existere
711 473 951 511 dinoscuntur³‚
976 473 1082 503 vitatis
1100 473 1236 513 penitus,
1262 473 1350 503 velut
1365 473 1423 503 viri
1440 473 1548 510 fortes5
1574 475 1755 503 constantes
1776 475 1808 503 et
1829 473 1948 503 strenui
1969 482 2042 513 per-

385 526 514 556 sistatis.
554 525 670 555 Scituri
695 524 779 565 quod
805 534 861 554 nos
886 527 918 554 et
942 523 1079 554 ecclesia
1100 527 1279 554 memorata
1300 523 1390 554 vobis
1414 527 1446 554 et
1469 523 1618 554 fidelibus
1641 523 1711 554 aliis
1734 523 1887 554 adversus
1912 523 2043 555 eosdem

386 577 582 608 scismaticos
608 579 639 607 et
665 576 835 611 hereticos,
861 586 996 616 quorum
1021 576 1202 616 potenciam
1228 579 1260 606 et
1283 575 1468 616 superbiam
1492 576 1523 606 in
1547 575 1636 606 brevi
1660 575 1823 606 enervabit
1847 579 1879 606 et
1898 579 2043 606 conteret

386 632 420 659 ut
444 639 610 669 speramus
634 628 827 663 Altissimus,
859 627 1009 658 assistere
1035 627 1140 657 divina
1164 628 1268 667 gratia
1292 626 1488 668 suffragante
1513 626 1705 658 intendimus
1729 627 1870 666 auxiliis,
1903 627 2042 658 consiliis

385 684 418 711 et
443 679 604 711 favoribus
630 679 804 720 oportunis.

494 731 534 761 In
560 730 721 761 eundem
746 729 896 760 modum
922 729 1116 768 consulibus,
1142 730 1274 760 consilio
1299 733 1331 760 et
1355 731 1515 760 communi
1540 730 1676 761 civitatis
1700 729 1899 761 Ooloniensis

494 783 535 813 In
559 793 585 813 e.
613 793 679 813 mo.
706 781 898 818 consulibus,
923 781 1233 822 magistris'civium.
1259 782 1388 812 consilio
1415 785 1446 812 et
1470 782 1630 812 communi
1654 782 1791 813 civitatis
1815 782 2000 812 Basiliensis

494 834 537 864 In
562 844 590 864 e.
615 844 683 864 mo.
709 832 901 869 consulibusq
926 833 1086 873 magistris
1110 832 1235 869 civium,
1261 833 1392 863 consilio
1418 836 1451 864 et
1471 834 1631 864 communi
1648 833 1785 864 civitatis
1802 833 2044 874 Argentinensis

495 886 534 916 In
560 896 588 916 e.
612 895 679 915 mo.
705 884 898 916 consulibus.
923 885 1085 924 magistris
1102 884 1230 923 civium7·
1253 884 1385 915 consilio
1410 888 1441 916 et
1459 885 1617 915 communi
1634 885 1769 915 civitatis
1787 885 2044 916 Constanciensis

494 937 535 968 Iu
561 948 587 970 e.
613 948 678 967 mo.
705 935 897 974 consulibus,
923 936 1084 977 magistris
1109 936 1235 975 civium,
1261 936 1393 966 consilio
1418 940 1450 967 et
1466 937 1627 967 communi
1643 936 1781 967 civitatis
1797 935 2043 977 Herbipolensis

495 989 534 1019 In
560 1000 587 1020 e.
613 1000 680 1019 mo.
707 988 869 1018 communi
895 991 927 1018 et
950 988 1150 1018 universitati
1175 987 1262 1028 opidi
1287 987 1528 1029 Nuwemburgh
1553 988 1776 1019 Constancien.
1801 987 1883 1019 dioc.

494 1041 535 1071 In
561 1052 588 1072 e.
613 1051 682 1072 mo.
709 1040 869 1071 communi
895 1043 927 1070 et
950 1040 1149 1070 universitati
1174 1039 1260 1080 opidi
1285 1039 1438 1080 Thuregii
1462 1039 1683 1070 Constancien.
1710 1039 1791 1070 dioc.

493 1093 535 1123 In
561 1103 588 1123 6.
614 1103 681 1123 mo.
709 1092 870 1123 communi
895 1095 928 1122 ct
951 1091 1151 1121 universitati
1176 1091 1287 1132 oppidi
1310 1090 1445 1122 Scasusa
1470 1090 1694 1122 Constancien⁴
1720 1091 1801 1121 dioc.

494 1145 537 1175 In
563 1155 589 1175 e.
615 1155 682 1175 mo.
709 1145 869 1175 communi
894 1147 925 1174 et
949 1143 1147 1174 universitati
1173 1143 1283 1184 oppidi
1307 1143 1415 1174 Sancti
1439 1142 1524 1173 Galli
1547 1142 1771 1174 Constancien.
1796 1141 1875 1172 dioc.

495 1197 536 1226 In
561 1206 588 1227 e.
614 1207 681 1226 mo.
707 1196 866 1226 communi
892 1198 923 1226 et
947 1194 1147 1225 universitati
1171 1195 1385 1236 Luutdaugea
1410 1194 1493 1225 dicte
1517 1194 1742 1225 Constancien.
1767 1193 1848 1224 dioc.

496 1248 535 1278 In
561 1258 587 1278 e.
613 1258 679 1278 mo.
705 1248 865 1278 communi
889 1250 920 1277 et
944 1247 1143 1277 universitati
1168 1246 1419 1287 Uber-lingenfsi)
1445 1245 1529 1277 dicte
1554 1246 1691 1276 diocesis

496 1300 535 1328 In
562 1310 588 1330 e.
613 1310 678 1330 mo.
705 1298 864 1330 communi
889 1302 921 1329 et
945 1298 1142 1328 universitati
1167 1297 1402 1337 Ravensburgh
1428 1297 1511 1328 dicte
1538 1297 1673 1328 diocesis

497 1351 537 1381 Iu
562 1361 589 1381 e.
614 1361 681 1382 mo.
706 1350 856 1381 Conrado
875 1350 983 1380 comiti
1000 1350 1104 1380 Irsuto
1130 1349 1310 1380 adiuncta
1335 1350 1406 1379 ista
1430 1349 1618 1379 clausula:
1644 1348 1822 1380 Petitiones
1840 1351 1946 1379 autem
1964 1351 2043 1385 tuas,

390 1413 469 1443 quas
493 1413 564 1433 cum
590 1402 660 1432 Deo
685 1402 856 1442 potuimus,
882 1401 923 1432 ad
948 1401 1162 1432 exauditionis
1186 1401 1323 1441 gratiam
1348 1400 1496 1431 duximus
1521 1400 1740 1431 favorabiliter
1763 1399 1988 1431 admittendas.

498 1454 537 1484 In
563 1464 589 1484 e.
615 1464 686 1484 1110.
712 1453 843 1493 Symoni
869 1456 899 1484 et
924 1453 1059 1483 Iohanni
1084 1452 1253 1483 comitibus
1278 1452 1317 1483 (16
1342 1451 1528 1492 Spanheim.

498 1522 570 1552 Dat.
589 1522 783 1559 Avinionije),
809 1522 847 1552 X.
866 1521 937 1552 Kal.
957 1522 1048 1559 Iunii„
1074 1531 1156 1552 anno
1182 1520 1432 1562 quartodecimo.

388 1706 462 1740 75⁴5.
496 1705 697 1742 FOEDUS
724 1705 961 1742 EPISUOPI
986 1705 1346 1741 FRISINGENSIS
1372 1704 1483 1741 CUM
1508 1703 1739 1740 DUCIBUs
1764 1703 2040 1739 AUsTRIAE.

1063 1774 1170 1808 1330.
1212 1773 1294 1808 Mai.
1317 1773 1375 1808 523.

504 1857 663 1897 Orifyinalc
699 1857 731 1887 riu
768 1857 925 1888 tabulario
961 1866 1102 1887 (arsarco
1126 1856 1362 1887 sindobmzeazsi.
1419 1855 1654 1894 Descripsimus
1681 1855 1724 1885 acl
1752 1854 1915 1892 imayivem
1939 1854 2045 1893 pholo-

387 1909 571 1949 glrapliicam
602 1919 620 1938 a
656 1909 736 1939 socio
764 1911 868 1939 nostro
900 1908 942 1938 H.
964 1908 1080 1939 Hirscle
1114 1911 1276 1947 paratam.
1337 1907 1483 1946 Siglillum
1517 1907 1634 1937 laesam
1661 1906 1776 1947 pendet
1803 1906 1867 1937 loro
1896 1905 2044 1936 membra-

389 1970 495 1992 naceo.
519 1978 559 1983 ——
584 1960 754 1991 Imditum.

499 2021 574 2059 Itesl.
600 2020 805 2061 In'clmowffcgs
830 2020 947 2051 ‘'Gcsae-Ie.
972 2020 1025 2051 des
1048 2020 1175 2051 Hauses
1198 2020 1380 2059 Habsbzcrsfl'
1405 2019 1466 2050 III
1481 2030 1515 2058 2).
1536 2018 1668 2050 CCCC]
1677 2017 1707 2049 V
1724 2028 1772 2049 nr.
1790 2018 1861 2048 810.

505 2108 527 2134 l.
554 2105 624 2135 Wir
637 2105 779 2135 Chuni-at
798 2115 857 2135 von
876 2105 955 2135 (iots
972 2105 1100 2146 gnaden
1118 2105 1257 2136 bischolf
1270 2116 1304 2136 ze
1323 2106 1519 2146 Freysingen
1535 2104 1688 2144 verjehen
1706 2103 1854 2135 offenlich
1872 2104 1929 2134 mit
1946 2103 2046 2134 disem

392 2156 476 2186 brief
499 2155 560 2185 und
586 2155 639 2185 tiiu
665 2156 761 2186 chunt
790 2156 873 2187 allen
900 2157 951 2187 die
976 2157 1007 2187 iu
1032 2157 1204 2196 ansehent7
1236 2157 1339 2188 lesent
1364 2157 1441 2188 oder
1464 2156 1579 2187 horent
1602 2156 1707 2193 lesen„
1739 2154 1798 2185 daz
1822 2155 1879 2185 wir
1903 2154 1960 2185 daz
1985 2154 2047 2185 wol

392 2207 572 2237 erc-hennon
598 2207 656 2237 daz
685 2218 778 2238 unser
802 2207 996 2238 vssrvordern
1021 2219 1082 2239 von
1116 2208 1255 2249 pischolf
1276 2208 1420 2239 Emehen
1444 2208 1566 2248 seligen
1595 2207 1698 2237 zeiten
1722 2209 1794 2236 untz
1823 2205 1881 2236 her
1906 2216 1964 2236 von
1990 2205 2047 2236 der

392 2258 520 2298 gchaim
546 2258 608 2288 und
634 2259 843 2289 freuntsehaft
868 2270 991 2300 weg-en,
1016 2260 1067 2291 die
1093 2261 1117 2290 si
1142 2260 1263 2301 gehabt
1286 2259 1405 2291 habent
1429 2259 1514 2290 hintz
1539 2258 1597 2289 der
1619 2257 1781 2288 herschaft
1803 2268 1865 2288 von
1883 2257 2047 2288 Osterrich

394 2309 456 2339 und
481 2320 539 2339 von
558 2310 660 2349 81611,
686 2321 819 2350 grozzen
844 2310 968 2342 frumen
994 2311 1057 2342 111111
1082 2316 1154 2342 nutz
1177 2311 1368 2353 enphangen
1393 2311 1512 2342 habent
1535 2321 1575 2341 an
1599 2309 1673 2340 (16111
1696 2308 1753 2350 gfit
1777 2309 1835 2339 daz
1860 2308 1933 2339 dem
1957 2312 2047 2349 gotz-

392 2360 472 2390 hous
496 2371 530 2390 zc
558 2361 754 2401 Freysingen
779 2361 816 2391 zii
840 2362 965 2402 gehsirt,
991 2363 1058 2393 also
1083 2363 1141 2394 daz
1166 2363 1224 2393 daz
1248 2363 1336 2394 selbo
1361 2362 1418 2403 gfit
1434 2373 1495 2393 von
1520 2359 2047 2392 (16156111601161661111111161111161

393 2411 456 2441 und
480 2411 674 2442 beschirmet
699 2413 737 2442 ist
762 2413 825 2443 und
850 2413 918 2443 niht
942 2415 1025 2444 alain
1050 2414 1107 2445 daz
1132 2413 1189 2455 gfit
1213 2414 1314 2445 under
1337 2415 1363 2444 ir
1386 2412 1549 2444 herseliaft
1571 2412 1719 2453 gelegen,
1745 2410 1802 2442 daz
1826 2411 1893 2441 halt
1917 2410 2047 2441 anders-

394 2474 439 2493 vva
469 2463 607 2503 gelegen
641 2464 695 2499 ist7
727 2463 785 2494 daz
816 2465 870 2495 hat
902 2465 1034 2495 bezzeru
1060 2466 1141 2497 friile
1167 2466 1229 2496 und
1254 2465 1369 2496 schirm
1397 2465 1519 2505 gehabt
1548 2474 1609 2494 von
1639 2463 1686 2493 irn
1715 2473 1836 2503 wegen.
1894 2461 1962 2492 Ouz
1991 2461 2048 2492 der

394 2514 504 2545 selben
530 2514 668 2554 gehaym
694 2515 758 2544 und
784 2515 985 2546 friuutschaft
1009 2518 1076 2547 sein
1105 2518 1162 2547 vvir
1186 2518 1321 2548 chomen
1346 2516 1409 2547 und
1438 2516 1542 2546 haben
1572 2514 1628 2545 des
1656 2524 1792 2555 grozzen
1819 2513 1959 2544 schaden
1989 2523 2044 2544 en-

395 2566 545 2606 phangen
570 2576 608 2596 an
634 2576 743 2596 unsers
776 2567 965 2607 gotslwuses
992 2567 1064 2608 girh
1097 2568 1153 2599 des
1177 2579 1234 2599 uns
1264 2569 1303 2599 do
1328 2568 1369 2599 vil
1398 2566 1611 2608 enphrtimdet
1635 2566 1684 2605 ist,
1714 2565 1778 2596 und
1803 2565 1842 2595 do
1867 2575 1928 2596 von
1952 2565 2047 2595 aller-

393 2618 497 2654 11111151Ἰ
523 2617 580 2647 daz
605 2618 630 2647 si
655 2617 738 2647 hintz
764 2628 890 2648 unserm
916 2618 971 2659 giit
989 2619 1165 2660 verhenget
1189 2620 1308 2650 habent
1332 2619 1395 2650 und
1420 2621 1466 2649 irn
1491 2619 1614 2649 scherm
1641 2617 1680 2648 do
1698 2627 1758 2647 von
1776 2626 1930 2657 gezogen.
1976 2616 2044 2646 Daz

393 2667 481 2698 selbe
511 2667 616 2698 haben
642 2668 696 2698 wir
720 2667 858 2698 bedaclit
886 2669 950 2698 und
979 2669 1065 2699 nicht
1094 2670 1177 2700 alain
1210 2671 1260 2701 die
1293 2671 1365 2700 flust
1395 2670 1445 2701 die
1475 2671 1530 2700 wir
1557 2680 1598 2700 nu
1623 2669 1815 2710 enphangen
1839 2668 1957 2708 haben,
1990 2669 2046 2699 wir

499 2745 561 2771 755.
589 2747 611 2776 ²)
633 2746 792 2771 involverent
811 2746 872 2770 add.
894 2755 913 2770 ι’.

2064 691 2088 709 10

2065 948 2087 966 15

2064 1203 2089 1222 20

2065 1460 2089 1479 25

2063 1915 2089 1934 30

2066 2217 2090 2237 35

2066 2475 2092 2492 40

2064 2752 2088 2769 45
