2205 3025
114 707 139 726 10

113 962 136 980 1⁵

112 1217 138 1236 20

113 1474 138 1492 25

113 1788 139 1807 ³0

114 2069 139 2089 35

110 2325 141 2344 ⁴0

115 2583 141 2602 45

559 129 655 156 ACTA
676 129 787 156 REGNI
807 129 989 157 LUDEWICI
1010 131 1055 157 IV.
1095 131 1168 157 1330.
1206 131 1252 157 Nr.
1266 131 1325 157 813.
1346 131 1404 158 819.
1743 134 1804 163 693

265 216 351 247 Huic
375 216 505 255 tempori
522 216 631 257 potius
647 216 785 247 Litteras
808 227 856 247 nr.
873 218 937 247 818
959 220 988 247 et
1004 218 1067 248 819
1089 217 1324 248 mliudicmui'as
1346 226 1418 254 esse,
1442 220 1574 256 apparet
1599 227 1637 248 ea*
1659 218 1703 248 cis
1726 228 1804 257 quae

156 267 191 298 in
213 267 276 305 fine
299 267 493 304 reseruntur.

264 334 398 364 Iohanni
422 335 574 375 episcopo
599 334 793 374 Lingonensi
818 334 1066 365 administratori
1092 335 1226 366 ecclesie
1250 336 1436 366 Basiliensis
1460 337 1649 368 auctoritate
1674 341 1803 377 aposto-

156 386 217 416 lica
243 386 272 415 in
298 385 516 426 spiritualibus
541 388 572 415 et
596 384 826 425 temporalibus
850 385 1014 426 deputato.

264 436 363 467 Grata
388 436 459 467 Deo
487 447 524 466 ac
554 435 644 466 nobis
672 439 704 467 et
734 436 909 476 apostolice
934 437 1003 467 sedi
1027 437 1201 468 admodum
1232 438 1387 469 relatione
1418 439 1629 479 percepimus,
1661 438 1747 479 quod
1771 441 1804 468 tu

157 489 256 518 frater
279 488 393 518 nostris
418 491 449 518 et
473 487 607 518 ecclesie
625 486 770 517 Romane
795 490 826 517 te
851 491 1005 528 coaptans
1022 487 1233 529 beneplacitis
1257 490 1287 519 in
1312 489 1457 520 omnibus
1481 493 1512 520 et
1530 489 1804 520 exhortationibus

157 539 329 580 diligenter
352 542 384 569 et
401 537 538 568 fideliter
555 538 761 579 acquiescens
785 537 838 568 dil.
863 538 904 568 fil.
922 540 1091 580 magnifico
1116 541 1182 570 viro
1207 540 1317 571 Ottoni
1340 540 1411 571 duci
1428 540 1556 571 Austrie
1581 541 1684 581 gentis
1708 541 1803 571 armi—

155 599 232 631 gere
257 588 433 620 subsidium
465 588 618 619 adversus
648 588 738 618 illum
763 588 925 620 Bavarum
950 589 1010 621 Dei
1039 594 1071 621 et
1099 591 1235 622 ecclesie
1259 594 1367 622 sancte
1398 602 1452 621 sue
1476 591 1616 632 fideique
1647 591 1803 622 catholice

156 644 299 672 atrocem
333 644 572 681 persecutorem
603 644 634 671 et
663 641 787 671 hostem
821 651 858 671 ac
889 642 1092 673 manifestum
1122 642 1298 673 hereticum
1331 646 1363 673 et
1393 643 1608 674 scismaticum
1639 643 1804 674 destinasti

157 692 400 733 procurastique
426 691 649 722 nichilominus
674 692 756 722 inter
780 692 921 732 prelatos
945 696 977 724 et
1000 698 1167 734 magnates
1191 694 1358 724 nonnullos
1383 704 1492 725 earum
1517 695 1653 735 partium
1682 694 1723 724 ad
1747 694 1804 725 ob-

156 743 333 774 sistendum
364 742 477 773 fortius
506 746 538 773 et
562 742 681 773 virilius
705 743 850 774 eiusdem
875 743 974 774 hostis
1008 744 1205 775 detestandis
1233 744 1400 775 conatibus
1427 745 1524 786 ligam
1554 749 1586 776 et
1615 745 1803 776 confedera-

156 795 276 826 tionem
300 794 372 824 iniri
396 797 428 824 et
451 794 581 834 insuper
605 793 659 824 dil.
684 793 725 823 fil.
750 804 934 833 commune,
959 795 1199 826 universitatem
1230 806 1266 826 ac
1291 796 1376 826 cives
1400 796 1536 826 civitatis
1560 796 1745 827 Basiliensis
1773 800 1805 827 et

156 846 236 877 alios
260 845 371 876 fideles
395 845 635 875 circumvicinos
659 845 689 875 in
714 844 776 875 fide
802 855 838 875 ac
863 845 1034 876 devotione
1059 850 1235 877 memorate
1261 846 1396 878 ecclesie
1428 851 1460 878 et
1487 858 1525 878 ne
1554 847 1637 878 hosti
1660 847 1804 888 predicto

156 897 314 928 adherent
354 896 405 926 vel
434 895 651 929 intenderent,
684 896 869 926 confortasti
900 907 937 927 ae
963 898 1058 927 ctiam
1090 897 1242 928 solidasti.
1298 897 1364 929 Nos
1398 899 1507 939 itaque
1539 900 1702 940 premissis
1733 899 1804 929 dili-

156 949 283 990 gentius
318 947 489 978 intellectis
524 950 611 978 tuam
646 948 909 987 circumspectam
945 948 1162 988 prudentiam,
1194 959 1255 989 que
1287 949 1431 989 procedit
1463 961 1503 981 ex
1534 951 1672 991 puritate
1706 951 1803 981 devo-

156 1001 249 1031 tionis
275 1003 306 1030 et
331 998 421 1037 fidei,
453 998 567 1040 quibus
599 1009 675 1039 erga
704 1009 760 1029 nos
789 1002 821 1029 et
852 998 987 1029 eandem
1013 999 1191 1030 Romanam
1221 1001 1388 1031 ecclesiam
1415 1001 1595 1042 prefulgere
1620 1002 1803 1039 dinosceris,

156 1062 228 1082 cum
251 1051 426 1092 gratiarum
451 1049 629 1081 actionibus
653 1049 804 1080 uberibus
828 1050 1047 1090 multipliciter
1070 1052 1099 1080 in
1124 1051 1261 1082 Domino
1287 1052 1547 1083 commendantes
1571 1053 1805 1084 fraternitatem

156 1106 243 1134 tuam
268 1112 417 1143 rogamus
446 1104 478 1131 et
502 1102 532 1131 in
556 1101 693 1132 Domino
718 1102 870 1132 attentius
896 1101 1116 1137 exhortamur,
1142 1103 1289 1143 quatinus
1314 1104 1467 1143 premissa
1491 1114 1552 1143 que
1581 1104 1638 1134 tibi
1665 1104 1805 1134 divinam

157 1158 189 1185 et
218 1154 363 1185 eiusdem
393 1152 478 1183 sedis
508 1153 687 1184 exuberant
715 1154 829 1183 merito
861 1153 1012 1193 gratiam,
1046 1154 1232 1184 continuare
1261 1154 1428 1184 indefessis
1458 1155 1710 1185 solicitudinibus
1743 1165 1805 1185 non

157 1207 329 1237 ommittas.
376 1204 443 1235 Nos
468 1204 616 1245 equidem
641 1205 786 1245 geminas
810 1205 934 1236 litteras
958 1208 1096 1239 nostras,
1129 1206 1266 1245 qualiter
1294 1205 1567 1236 ambaxiatoribus
1597 1207 1750 1237 carissimi
1774 1207 1805 1236 in

157 1258 283 1289 Christo
318 1256 373 1287 filii
401 1255 552 1286 Iohannis
579 1257 664 1297 regis
692 1256 826 1287 Boemic
858 1256 987 1286 illustris
1025 1264 1056 1287 et
1085 1256 1277 1287 venerabilis
1309 1256 1414 1287 fratris
1449 1260 1628 1288 nostrorum
1656 1257 1805 1288 Balduini

156 1309 388 1349 archiepiscopi
413 1307 621 1338 Treverensis
651 1318 688 1338 ac
717 1307 806 1338 ducis
835 1309 964 1338 Austrie
995 1307 1128 1348 predicti
1156 1318 1252 1348 super
1281 1308 1365 1338 facto
1394 1308 1538 1339 eiusdem
1561 1308 1677 1339 Bavari
1705 1319 1805 1349 nuper

156 1361 197 1392 ad
221 1364 360 1391 nostram
379 1360 573 1400 presentiam
588 1359 755 1391 destinatis
779 1359 1001 1401 respondimus
1018 1361 1235 1391 continentcs¹
1261 1360 1318 1390 tibi
1343 1364 1374 1391 et
1395 1360 1517 1391 eisdem
1542 1361 1661 1391 civibus
1684 1371 1805 1391 necnon

157 1415 189 1443 et
212 1411 313 1442 alias2
338 1411 413 1451 ipsis
430 1411 561 1444 civibus.
587 1422 644 1451 per
668 1422 746 1452 quas
764 1422 819 1442 eos
842 1422 939 1452 super
962 1412 1139 1442 constantia
1163 1422 1218 1441 suc
1243 1411 1423 1442 devotionis
1447 1415 1479 1442 ct
1502 1411 1576 1442 fidei
1601 1411 1805 1442 commenda-

160 1474 240 1501 mus,
266 1462 373 1493 eidem
398 1462 590 1493 fraternitati
615 1466 667 1493 tue
698 1473 768 1493 cum
799 1463 1000 1504 presentibus
1029 1464 1197 1497 mittimus,
1230 1467 1262 1493 ut
1292 1463 1362 1493 illas
1389 1473 1450 1503 que
1475 1463 1653 1503 diriguntur
1677 1464 1807 1503 prefatis

158 1514 280 1546 civibus
305 1514 351 1544 eis
376 1514 476 1544 facias
500 1515 691 1555 presentari.
720 1514 810 1545 nobis
839 1525 935 1556 super
959 1514 1017 1545 hiis
1046 1518 1077 1545 et
1102 1515 1172 1545 aliis
1197 1524 1258 1555 quc
1284 1514 1341 1544 tibi
1366 1515 1559 1545 occurrerint
1587 1514 1807 1545 nichilominus

156 1567 377 1606 rescripturus.

265 1617 392 1648 Datum.

429 1705 512 1740 819.
554 1705 708 1740 Litterae
736 1707 783 1739 ad
810 1706 979 1740 ciritatcm
1007 1705 1249 1740 Basilienscm.
1359 1705 1444 1747 (Iul.
1465 1706 1534 1741 cr.)

271 1778 368 1818 Copia
399 1780 451 1818 (c.)
483 1779 593 1810 ibidem
623 1781 691 1809 tom.
710 1779 806 1809 115Π
832 1778 891 1819 fol.
909 1779 971 1809 168
1001 1789 1050 1809 nr.
1069 1779 1162 1809 1951.
1215 1778 1411 1809 Contulimus
1438 1789 1502 1808 nos.
1533 1796 1573 1799 ——
1604 1777 1664 1808 Ed.
1687 1777 1808 1808 Riezler

158 1829 215 1862 l.c.
234 1839 266 1868 2³·
279 1830 341 1859 459
357 1840 406 1860 ην.
424 1830 504 1860 1317
526 1840 564 1861 ea)
581 1841 606 1861 c.
632 1831 876 1869 (decurtatum),·
901 1829 1177 1862 ‘l'rkmzdcnbuch'
1196 1829 1310 1865 1118}
1334 1840 1382 1860 m.
1396 1831 1438 1859 83
1453 1840 1490 1860 cz·
1507 1840 1532 1860 c.
1557 1829 1615 1868 (cml
1638 1840 1676 1859 m.
1694 1828 1806 1867 Maii).

269 1888 318 1929 (ff
342 1889 430 1926 infra
453 1900 502 1919 nr.
519 1890 592 1920 825.

267 1956 446 1994 Communi,
471 1958 669 1988 universitati
693 1968 730 1988 ac
755 1957 875 1988 civibus
899 1957 1137 1988 Basiliensibus.

266 2009 406 2039 Litteras
435 2009 577 2039 vestras-³
606 2009 671 2039 leta
700 2019 796 2039 manu
824 2010 1003 2049 recepimus
1034 2009 1249 2045 continentes,
1279 2008 1364 2049 quod
1388 2008 1505 2038 Bavari
1534 2007 1638 2038 littere
1667 2005 1806 2037 nondum

159 2059 200 2090 ad
224 2070 279 2090 vos
303 2063 525 2101 pervenerant,
549 2070 606 2100 per
630 2070 709 2100 quas
733 2071 751 2090 a
776 2060 865 2090 vobis
889 2059 1110 2091 obedienciam
1128 2059 1178 2090 vel
1201 2059 1432 2090 subiectionem
1456 2058 1597 2098 aliquam
1622 2058 1808 2098 postularet,

160 2114 192 2142 et
228 2112 253 2141 si
288 2112 489 2151 contingeret
521 2112 624 2151 ipsum
657 2111 747 2142 vobis
776 2111 885 2152 aliqua
914 2111 1070 2149 scribere,
1098 2110 1158 2141 sibi
1186 2121 1249 2141 non
1281 2109 1495 2141 intendebatis
1532 2108 1652 2149 aliquid
1685 2108 1806 2149 absque

160 2165 268 2193 nostra
292 2163 488 2193 conscientia
512 2162 717 2203 respondere.
765 2162 868 2203 Super
891 2173 954 2204 quo
979 2166 1119 2193 vestram
1144 2161 1185 2193 ad
1209 2162 1314 2193 Deum
1339 2165 1370 2191 et
1395 2164 1536 2191 sanctam
1561 2160 1729 2191 ecelesiam
1754 2159 1809 2190 de-

162 2214 325 2244 votionem
351 2216 383 2244 et
406 2213 503 2244 fidem
527 2213 698 2254 plurimum
723 2214 753 2243 in
777 2213 916 2244 Domino
942 2213 1218 2252 commendantes,
1243 2212 1560 2252 circumspectionem
1586 2215 1723 2242 vestram
1752 2221 1808 2241 ex-

159 2264 324 2295 hortamur
347 2264 376 2294 in
398 2264 536 2295 Domino
562 2268 593 2295 et
618 2275 778 2305 rogamuS,
804 2264 890 2306 quod
915 2265 990 2305 quia
1015 2265 1070 2305 pix
1095 2265 1183 2305 tangi
1208 2274 1409 2305 nequaquam
1434 2266 1549 2303 potest,
1574 2263 1650 2303 quin
1674 2266 1808 2303 tangens

160 2316 382 2356 coinquinetur
397 2315 437 2346 ab
455 2316 524 2354 ea4,
548 2326 567 2346 a
585 2319 671 2346 tactu
689 2316 833 2347 eiusdem
850 2316 978 2355 Bavari,
1004 2316 1093 2346 cuius
1111 2319 1214 2346 tactus
1238 2315 1355 2346 nedum
1380 2325 1493 2355 corpus
1517 2313 1573 2344 sed
1597 2313 1737 2344 animam
1761 2313 1807 2342 in·

159 2366 223 2397 ficit
247 2370 279 2397 et
302 2370 404 2398 totum
434 2367 524 2407 penis
548 2368 667 2398 eternis
691 2371 723 2398 et
752 2367 983 2408 temporalibus
1007 2366 1135 2405 subicit,
1170 2376 1227 2407 per
1250 2376 1438 2397 consensum
1463 2365 1622 2396 abstinere
1646 2365 1727 2394 sicut
1750 2364 1807 2394 viri

160 2418 333 2458 prudentes
358 2421 390 2448 et
414 2417 538 2458 providi
567 2419 752 2459 procuretis.
795 2419 836 2450 Et
859 2420 933 2460 quia
962 2419 1041 2449 certi
1071 2419 1230 2459 principes
1258 2429 1314 2458 pro
1338 2418 1472 2457 negocio
1497 2416 1571 2447 dicti
1596 2416 1710 2446 Bavari
1735 2426 1807 2445 suos

160 2468 201 2499 ad
225 2473 366 2500 nostram
390 2471 589 2510 presenciam
606 2471 737 2501 nuncios
762 2470 821 2500 hiis
845 2470 958 2500 diebus
976 2470 1135 2510 preteritis
1153 2469 1360 2508 destinarunt,
1385 2478 1424 2499 ne
1441 2466 1574 2509 ling[u]a
1596 2468 1694 2498 tercia
1716 2467 1806 2497 τρι-113

160 2520 362 2560 supprimens
392 2531 449 2551 seu
478 2521 559 2551 falsa
590 2522 756 2562 proferens
783 2522 883 2562 possit
911 2522 1007 2552 vestri
1038 2531 1152 2562 pacem
1183 2521 1281 2551 animi
1310 2519 1513 2560 perturbare,
1543 2528 1617 2549 ecce
1641 2517 1726 2558 quod
1751 2527 1807 2557 per

160 2573 284 2601 nostras
301 2571 423 2602 litteras
447 2572 547 2602 alias¹
570 2572 670 2611 vobis,
696 2572 770 2613 quid
795 2583 853 2613 per
869 2573 954 2612 ipsos
979 2573 1177 2612 propositum
1196 2571 1312 2612 quidve
1337 2581 1394 2611 per
1410 2581 1467 2601 nos
1491 2579 1676 2610 responsum
1702 2568 1805 2597 fuerit.

159 2621 201 2651 nil
227 2621 380 2657 detracto,
405 2623 448 2653 nil
472 2623 582 2654 addito
607 2624 801 2655 nunciamus.

263 2699 288 2727 1>
307 2698 397 2731 Supra
411 2707 452 2724 nr.
469 2702 524 2725 814.
540 2702 596 2725 815.
667 2700 693 2731 2)
715 2699 802 2731 Infra
824 2708 864 2724 ην.
879 2702 934 2725 819.
1001 2699 1027 2731 3)
1048 2698 1171 2725 Seri-(ttae
1185 2707 1237 2725 non
1250 2701 1321 2724 sunt
1387 2700 1414 2729 4)
1434 2697 1515 2723 Ecclzt
1532 2702 1570 2727 13,
1586 2701 1604 2721 1.
1677 2695 1702 2725 5)
1722 2694 1806 2720 Ecca.

155 2742 199 2771 28,
216 2743 244 2766 16
263 2743 287 2766 et
307 2744 345 2767 19.
