2205 3025
431 128 527 154 ACTA
546 127 659 153 REGNI
678 127 860 153 LUDEWICI
880 126 925 153 IV.
945 125 992 152 ET
1013 125 1196 152 FRlDERICI
1216 125 1264 151 111.
1302 124 1375 151 1328.
1412 124 1460 151 Nr.
1473 125 1532 151 428.
1551 124 1609 150 429.
1784 127 1844 156 337

194 224 255 245 nec
279 215 424 245 volumus
444 216 475 245 in
492 215 609 255 aliquo,
634 218 682 245 set
706 225 760 245 eos
784 214 889 255 potius
914 217 945 244 et
963 223 1071 244 eorum
1089 212 1230 253 singulos
1247 212 1391 242 volumus
1408 212 1439 242 in
1456 222 1511 242 suo
1529 211 1643 242 robore
1661 211 1845 252 perdurare.

195 265 263 296 Nec
289 269 394 297 nostre
418 267 602 296 intentionis
627 267 748 301 existit,
777 265 863 306 quod
888 269 1018 306 propter
1042 264 1150 304 aliqua
1172 264 1204 293 in
1227 264 1367 304 presenti
1392 274 1542 303 processu
1567 266 1717 293 contenta
1741 263 1846 294 divina

196 317 352 348 celebrari
377 317 511 348 durante
536 317 705 348 interdicto
730 317 946 348 ecclesiastico
977 317 1007 346 in
1032 315 1119 346 Urbe
1150 315 1213 345 iam
1245 314 1329 345 dicta
1358 313 1430 356 [vel]
1460 315 1560 355 aliqui
1591 315 1629 345 de
1658 315 1746 346 Urbe
1778 316 1847 356 ipsa

197 369 388 409 participare
418 379 487 399 cum
516 369 632 400 eodem
656 368 845 407 Mudovico)
872 372 903 398 et
927 368 997 399 aliis
1022 367 1305 398 excommunicatis
1329 366 1458 396 valeant
1481 366 1581 401 licite,
1610 367 1668 396 nisi
1697 371 1791 407 prout
1815 371 1848 399 et

165 433 176 450 5
197 422 350 460 quantum
374 420 562 460 permittunt
586 421 737 451 canonice
762 420 951 450 sanctiones.

304 473 332 501 8.
368 471 410 501 Et
432 475 467 501 ut
490 482 657 512 processus
682 474 789 501 noster
812 470 994 500 huiusmodi
1018 470 1059 500 ad
1084 469 1271 500 eorumdem
1296 469 1405 509 populi
1430 472 1462 499 et
1486 469 1620 499 aliorum
1645 480 1779 511 quorum
1803 471 1848 501 in-

196 525 296 553 terest
319 522 370 553 vel
394 523 548 553 interesse
578 526 684 562 potest
712 532 916 552 communem
940 522 1086 552 notitiam
1111 521 1301 555 deducatur,
1332 524 1435 551 cartas
1459 521 1524 551 sive
1550 521 1752 552 membranas
1777 533 1847 563 pro-

195 584 319 603 cessum
337 574 535 604 continentes
553 573 690 603 eundem
715 574 746 604 in
771 574 906 603 ecclesie
925 573 1174 609 Aviniomensisl
1199 572 1338 612 appendi
1363 572 1413 602 vel
1437 572 1524 613 affigi
1548 573 1659 603 hostiis
1683 573 1847 613 faciemus,

195 634 258 665 que
282 635 467 665 processum
491 625 592 665 ipsum
617 635 673 655 suo
699 625 789 665 quasi
813 635 928 655 sonoro
952 625 1103 665 preconio
1133 628 1164 654 et
1192 624 1301 664 patulo
1330 623 1445 653 indicio
1476 623 1696 664 publicabunt,
1725 627 1759 654 ut
1789 626 1847 665 ipsi

154 690 177 708 ιο
197 680 229 706 et
252 676 306 706 alii
331 686 410 717 quos
434 686 601 716 processus
626 676 693 716 ipse
719 676 872 716 contingit
896 676 1015 706 nullam
1040 676 1162 715 possint
1186 675 1427 705 exeusationem
1458 675 1666 715 pretendere.
1696 676 1781 716 quod
1807 676 1847 707 ad

197 738 252 758 eos
276 738 338 758 non
363 727 544 768 pervenerit
568 727 618 757 vel
643 727 727 767 quod
753 727 971 767 ignmaverint
996 727 1149 763 eundem,
1178 737 1248 756 cum
1280 736 1341 756 non
1371 726 1410 755 sit
1434 726 1605 757 verisimile
1631 727 1736 767 quoad
1761 728 1847 768 ipsos

196 789 363 809 remanere
392 779 586 818 incognitum
611 778 660 808 vel
691 778 863 810 occultum.
895 777 981 818 quod
1011 781 1076 807 tam
1105 780 1253 818 patenter
1281 777 1428 807 omnibus
1457 777 1645 818 publicatur.
1693 779 1848 810 Volentes

196 831 325 870 insuper
350 834 381 860 et
405 831 595 860 auctoritate
620 829 797 870 apostolica
821 829 1046 867 decernentes,
1072 828 1156 869 quod
1182 828 1284 858 dictus
1308 839 1476 868 processus
1501 830 1585 869 ipsos
1611 832 1642 859 et
1666 830 1744 860 alios
1769 841 1848 871 quos

197 882 351 922 contingit
374 881 456 912 adeo
485 881 709 922 apprehendat
733 885 764 911 ct
792 885 890 919 artet,
922 882 986 910 acsi
1017 880 1137 910 eisdem
1167 879 1346 920 publicatus
1375 880 1586 920 personaliter
1615 884 1647 911 et
1673 881 1848 912 insinuatus

154 947 175 964 15
196 933 370 964 solenniter
393 933 560 971 extitisset,
585 933 810 963 constitutione
835 942 1037 972 quacumque
1055 931 1319 972 predecessorum
1337 935 1515 961 nostrorum
1534 931 1750 963 Romanorum
1768 944 1847 973 pon-

196 985 315 1015 tificum
339 985 369 1014 in
394 984 584 1014 contrarium
611 984 699 1014 edita
723 995 785 1014 non
810 984 968 1020 obstante,
994 994 1063 1014 eum
1089 994 1146 1023 pro
1163 983 1231 1023 ipso
1250 982 1442 1023 publicando
1469 987 1500 1013 et
1525 983 1710 1014 insinuando
1736 984 1776 1014 ad
1794 995 1849 1015 eos

198 1039 283 1067 tutus
307 1046 453 1066 accessus
478 1047 539 1066 non
563 1040 674 1076 pateat
698 1046 755 1066 nec
780 1038 888 1076 posset
913 1035 1082 1065 commode
1107 1035 1303 1073 singulorum
1329 1034 1456 1064 auribus
1481 1035 1642 1064 inculcari.

304 1088 423 1118 Datum
448 1088 642 1126 Avinion(e),
668 1087 709 1118 ΙΙ.
734 1087 806 1117 Kal.
832 1087 962 1127 Aprilis,
988 1097 1070 1116 anno
1096 1086 1297 1116 duodecimo.

289 1306 386 1349 429.
420 1306 518 1350 430.
560 1304 882 1349 LITTERAE
911 1302 1248 1348 CIVITATIS
1283 1302 1754 1347 FLORENTINAE

154 1391 179 1410 20
206 1392 209 1394 ·
562 1374 638 1417 ET
667 1372 958 1418 ROBERTI
988 1371 1174 1416 REGIS
1204 1371 1501 1417 SICILIAE.

812 1454 918 1489 1328.
961 1454 1049 1498 Apr.
1071 1454 1223 1488 4.—16.

197 1567 284 1602 499.
326 1567 475 1601 Le'tterac
501 1567 649 1601 visitans
678 1566 903 1600 Iv'lurentiuav
935 1566 1094 1610 pontifis?
1126 1569 1155 1599 vl
1184 1565 1330 1598 Rnlfflrtn
1368 1566 1436 1607 fessi
1468 1566 1600 1598 missar.
1708 1565 1794 1608 Apr.
1816 1566 1850 1597 4.

309 1645 406 1683 Copia
432 1645 483 1684 (xc.)
514 1645 546 1674 in
574 1644 720 1683 copim-io
744 1644 828 1683 ‘Iu'effi
850 1644 908 1674 litt.
934 1644 964 1674 l'
993 1644 1115 1682 simmia
1139 1643 1194 1683 sol.
1212 1644 1264 1672 2:3¹
1290 1643 1443 1673 tabularii
1473 1643 1550 1681 νιξχιιῖὶ
1574 1642 1766 1677 1⁴'l‹›1‘enlini‚
1801 1644 1852 1674 adn]

198 1696 346 1727 rubrum:
371 1696 422 1726 Ad
448 1696 610 1726 dominum
635 1707 761 1736 papam.
787 1715 827 1718 —
854 1695 949 1726 Dedit
974 1695 1088 1725 Fivſtr'r
1113 1695 1299 1725 ‘Vri-‘marn
1323 1706 1381 1725 zm·
1408 1694 1515 1724 (isselt.
1539 1694 1592 1724 rlws
1620 1694 1850 1733 ltuenmx'zqses'

155 1763 178 1782 2⁵
194 1758 228 1786 2).
248 1750 287 1778 64.
311 1758 358 1778 nr.
379 1749 439 1777 107
462 1758 500 1777 ea*
523 1758 548 1778 e.
596 1747 775 1778 Editionem
799 1748 975 1786 reln’timas.

304 1834 441 1864 Domino
466 1844 559 1874 pape.

305 1885 465 1916 Sentimus
494 1896 582 1917 vore.
618 1886 702 1926 quod
732 1885 847 1915 Petrus
877 1884 1038 1915 Sacconus
1069 1884 1217 1914 [lb-[ildini
1248 1884 1365 1924 aliique
1399 1894 1508 1913 omnes
1543 1882 1694 1913 Gibellini
1724 1882 1850 1919 Ytalici,

197 1937 251 1977 qui
274 1937 314 1967 ad
332 1937 490 1967 Bavarum
516 1940 727 1972 accesserant,
752 1937 949 1976 repetierunt
974 1936 1097 1966 noviter
1121 1943 1227 1976 partes
1251 1947 1323 1966 suas
1349 1939 1380 1966 et
1397 1935 1481 1976 qnod
1499 1935 1700 1964 (lasti-uccius
1718 1945 1851 1975 magnos

198 1988 272 2019 fecit
301 1992 332 2018 et
361 1989 437 2018 facit
464 1992 659 2018 armatorum
689 1992 720 2018 et
748 1987 882 2018 aliorum
908 1991 1137 2029 ‹⁷›portunorum
1162 1988 1192 2016 in
1217 1987 1339 2017 actibus
1364 1987 1488 2017 bellicis
1512 1989 1686 2026 apparatus
1711 1989 1742 2015 et
1766 1985 1851 2025 quod

155 2056 178 2073 30
198 2050 238 2070 ex
254 2039 379 2070 Pisanis
404 2040 433 2069 in
458 2050 589 2070 numero
607 2039 665 2069 XL
691 2044 721 2069 ct
745 2040 837 2074 ultra,
864 2039 902 2069 dc
928 2050 1061 2080 quorum
1080 2039 1212 2069 scientia
1230 2043 1261 2069 et
1279 2039 1423 2079 potentia
1441 2041 1568 2078 poterat
1585 2037 1732 2075 dubitari,
1758 2037 1853 2067 eiecit

198 2091 237 2121 de
262 2092 389 2121 civitate
414 2091 558 2121 Pis-arum
586 2095 617 2121 et
641 2091 726 2131 quod
751 2094 783 2120 et
806 2091 874 2131 ipse
892 2091 1094 2121 Castruccius
1119 2095 1150 2121 et
1175 2101 1285 2120 omncs
1310 2091 1362 2120 alii
1382 2089 1533 2119 Gibellini
1559 2089 1674 2129 prefati
1693 2089 1851 2119 Bavarunl

198 2146 406 2183 expectantes
437 2146 546 2173 contra
579 2153 635 2172 nos
662 2143 827 2183 insurgere
858 2142 997 2183 undique
1028 2143 1242 2172 firmaverunt.
1290 2142 1330 2172 Et
1359 2141 1418 2171 hoc
1449 2140 1627 2171 ostenditur
1655 2151 1712 2180 per
1740 2140 1852 2170 inditia

198 2195 380 2231 manifesta,
413 2204 474 2235 que
505 2194 595 2224 nobis
628 2194 723 2234 digne
753 2198 784 2224 et
814 2195 1017 2234 cogitationis
1048 2198 1079 2223 et
1112 2195 1233 2224 timoris
1267 2203 1394 2223 [ausam
1432 2193 1618 2222 inmiserunt
1653 2192 1853 2221 considerata

198 2256 307 2276 eorum
336 2247 479 2286 potentia
509 2245 644 2286 aliisque
672 2245 876 2276 attendendis
901 2246 1039 2276 attentis.
1087 2245 1157 2275 Non
1183 2245 1266 2275 enim
1295 2249 1380 2274 ess-et
1404 2243 1495 2273 nobis
1519 2243 1635 2273 nedum
1661 2243 1851 2281 resistentie,

155 2312 178 2330 35
198 2297 255 2327 sed
282 2297 382 2337 ipsius
410 2302 516 2328 nostre
546 2297 740 2327 defensionis
769 2298 912 2337 potentia
941 2298 1007 2327 sine
1032 2301 1137 2327 vestro
1162 2297 1285 2337 potenti
1310 2295 1448 2326 exfortio
1474 2298 1505 2325 et
1529 2305 1686 2324 succursu.
1733 2294 1851 2324 Perce-

198 2358 347 2388 peramus
375 2348 533 2389 siquidem
562 2348 718 2389 letatique
749 2348 910 2379 fueramus
945 2349 1062 2389 gaudio
1091 2353 1229 2389 magno³
1260 2358 1318 2388 per
1342 2358 1394 2381 ea,
1426 2357 1488 2386 que
1518 2346 1608 2376 nobis
1637 2356 1655 2375 a
1684 2345 1851 2385 fidedignis

198 2399 299 2430 relata
329 2400 470 2434 fuerunt,
502 2400 587 2440 quod
618 2399 744 2440 quando
776 2401 926 2430 sanctitas
950 2404 1056 2430 vestra
1086 2400 1231 2440 percepit
1260 2398 1371 2429 urbem
1403 2398 1540 2428 Romam
1575 2399 1762 2436 occupatam
1795 2405 1852 2435 per

197 2449 284 2480 illum
302 2451 461 2481 Bavarum
487 2451 669 2485 ostinatum,
694 2451 877 2491 previderat
902 2455 933 2481 et
957 2451 1082 2481 dixerat
1105 2450 1165 2480 huc
1190 2451 1365 2480 maximum
1384 2449 1554 2479 ext'ortium
1573 2448 1676 2487 gentis
1693 2447 1850 2486 armigero

198 2501 367 2532 destinare.
403 2501 453 2532 De
478 2512 540 2542 qua
564 2506 671 2532 tamen
696 2503 876 2542 previsionc
901 2502 953 2539 nil,
979 2502 1018 2532 de
1043 2512 1105 2542 quo
1130 2512 1191 2532 non
1216 2501 1376 2532 modicum
1401 2500 1573 2540 stupefacti
1594 2509 1711 2535 sumus,
1736 2498 1850 2527 hucus-

155 2568 180 2586 40
199 2562 260 2592 que
274 2554 462 2584 successisse
477 2554 639 2584 sentimus.
672 2554 876 2594 Quapropter
888 2554 1045 2583 sanctitati
1062 2557 1165 2583 vestre
1179 2552 1443 2583 affectuosissime
1457 2550 1681 2591 supplicamus,
1696 2552 1851 2589 quatenus

200 2606 321 2634 attento
346 2605 509 2645 precipue,
540 2605 625 2645 quod
648 2605 679 2634 in
704 2605 867 2644 premissis
892 2615 1021 2635 causam
1045 2605 1200 2635 Altissimi
1225 2615 1261 2634 ac
1286 2604 1360 2634 fidei
1386 2603 1542 2633 ortodoxe
1567 2605 1735 2640 vesti-eque
1761 2609 1849 2628 sanc-

200 2655 298 2685 titatis
329 2655 492 2696 hucusque
525 2656 649 2696 egimus
683 2659 715 2685 et
748 2656 1015 2696 inpresentiarum
1048 2656 1172 2696 agimus
1203 2656 1370 2696 paratique
1405 2664 1511 2684 sumus
1546 2663 1601 2692 pro
1632 2660 1724 2691 pos-sc
1753 2658 1849 2689 agere

303 2739 368 2766 429.
398 2741 420 2771 ¹³)
440 2742 506 2773 quod
526 2741 587 2765 add.
608 2750 627 2766 ι’,

303 2799 339 2816 LL.
354 2799 566 2816 CONSTITUTioNEs
580 2799 613 2816 vx.
1610 2786 1643 2810 43
