2205 3025
203 704 227 722 XO

201 961 223 980 15

197 1224 222 1242 2¹¹

198 1742 224 1759 :³0

197 2257 222 2275 ⁴0

194 2518 219 2536 45

511 145 613 172 ACTA
634 145 746 172 REGNI
767 146 951 173 LUDEWICI
970 147 1017 173 IV.
1037 147 1081 173 ET
1101 148 1282 175 FRIDERICI
1303 149 1350 176 III.
1389 150 1463 176 1329.
1500 150 1547 176 Nr.
1562 150 1620 177 646.
1836 154 1898 183 543

247 233 381 262 maticus
405 232 494 262 vobis
518 231 637 263 dudum
662 233 744 263 velle
769 233 808 263 ad
834 234 995 264 civitatem
1020 238 1157 265 vestram
1183 235 1337 266 accedere
1362 236 1548 272 intimasset,
1573 247 1629 267 vos
1653 239 1817 278 tamquam
1842 238 1898 268 de-

247 284 311 313 voti
337 286 369 314 et
392 283 503 314 fideles
528 288 636 314 sancte
662 285 771 314 matris
788 285 922 315 ecclesie
946 285 1001 315 filii
1018 295 1091 315 eum
1108 286 1252 326 recipere
1270 287 1400 317 minime
1418 287 1629 325 intendentes„
1654 292 1687 318 ut
1704 287 1744 318 ad
1761 288 1898 319 eandem

246 335 410 366 civitatem
434 336 543 366 venire
568 336 626 365 nisi
651 335 690 366 de
715 335 878 366 voluntate
904 346 941 367 ac
965 347 1095 367 assensu
1121 341 1152 367 et
1176 347 1247 368 cum
1272 338 1439 369 concordia
1466 339 1601 369 ecclesie
1626 339 1808 370 nullatenus
1825 350 1898 381 pre-

246 390 397 425 sumeret,
423 386 528 417 cidem
552 396 609 427 per
633 390 755 417 vestros
779 387 1018 417 ambaxiatores
1043 391 1075 418 et
1098 389 1229 419 nuncios
1254 389 1366 419 missos
1390 390 1430 420 ad
1456 390 1523 420 eius
1546 392 1741 431 presentiam
1766 390 1898 422 diversis

246 437 368 467 vicibus
397 441 527 478 propter
555 439 615 468 hoo
646 438 792 468 intimare
823 439 964 469 curastis.
1017 439 1064 469 Ac
1094 440 1300 480 postmodum
1332 441 1446 472 eodem
1472 441 1636 472 Ludovico
1666 443 1705 473 ad
1735 443 1897 473 civitatem

246 488 382 519 eandem
406 487 605 531 [accedere]³
628 488 688 519 hiis
712 499 775 519 non
800 489 998 520 obstantibus
1022 494 1199 531 satagente,
1225 502 1280 521 vos
1304 492 1409 522 eidem
1434 493 1563 523 realiter
1587 504 1623 524 ac
1640 493 1772 524 viriliter
1796 505 1897 535 oppo-

245 544 358 571 nentes
382 550 439 581 per
462 549 604 570 mensem
629 543 662 570 et
684 540 765 570 ultra
790 541 948 570 restitistis
974 541 1094 580 eidem⁷
1120 542 1221 573 donec
1246 554 1303 582 per
1327 545 1503 583 potentiam
1528 555 1617 575 suam
1641 548 1734 585 portu
1759 555 1840 586 aque
1866 549 1898 575 et

245 591 340 621 maris
365 591 490 631 perdito
515 594 547 621 et
564 591 649 621 omni
667 591 808 621 destituti
833 602 982 622 succursu
999 603 1054 622 vos
1071 596 1180 623 contra
1205 594 1342 624 eundem
1361 594 1535 626 defendere
1554 596 1685 626 ulterius
1701 597 1897 637 nequivistis.

245 642 333 673 Tunc
352 653 425 673 vero
444 642 624 672 Ludovicus
640 642 802 683 predictus
818 643 909 673 vobis
927 644 1045 674 coactis
1063 647 1095 674 et
1112 643 1319 687 viol[entatis]
1345 656 1380 676 ac
1406 647 1491 676 omni
1515 647 1634 677 auxilio
1659 651 1691 678 et
1714 658 1769 688 spe
1787 648 1897 678 auxilii

246 693 406 724 destitutis
430 704 553 724 necnon
578 694 702 729 eastris,
734 694 815 724 villis
845 698 877 725 et
901 694 979 725 locis
1003 696 1174 726 comitatus
1205 700 1236 726 et
1261 697 1421 727 districtus
1446 700 1623 729 vestrorum
1648 709 1706 739 per
1729 701 1842 739 gentes
1867 703 1899 728 et

244 755 400 786 sequaces
432 745 530 786 ipsius
562 745 717 775 Lodovici
747 746 909 786 occupatis
941 749 972 776 et
1001 747 1154 787 expositis
1189 748 1343 781 vastitati,
1376 748 1511 789 stipatus
1546 760 1663 790 magna
1694 749 1896 780 multitudine

244 800 439 827 armatorum
457 796 600 837 equitum
624 799 657 826 et
673 796 817 836 peditum
835 798 997 828 civitatem
1022 799 1151 828 intravit
1175 797 1346 840 [eandemj.
1372 800 1531 840 quondam
1549 801 1747 831 Castrucium
1772 800 1897 831 hostem

244 851 383 879 vestrum
417 852 449 878 ct
482 848 622 878 emulum
653 858 689 878 ac
721 847 901 879 Guidonem
934 850 985 889 qui
1019 860 1052 879 se
1088 850 1270 881 intitulebat
1304 851 1488 891 episcopum
1520 852 1716 889 Aretin(um)
1753 853 1896 893 aliosque

244 900 361 930 multos
378 899 516 930 rebelles
540 903 649 930 sancte
674 900 783 930 matris
802 900 937 931 ecclesie
963 911 1070 931 secum
1089 901 1218 939 ducens
1244 903 1297 942 qui
1315 903 1451 932 civitatis
1477 904 1540 933 iam
1565 903 1649 934 dicte
1673 913 1709 934 ae
1727 904 1896 934 comitatus

245 955 276 982 et
293 951 452 982 districtus
477 951 620 981 eiusdem
638 952 780 992 regimen
806 962 863 992 per
886 952 993 993 aliqua
1011 956 1158 993 tempora
1176 955 1275 983 tenuit
1293 953 1491 995 usurp[atum
1510 954 1686 996 multaque]
1706 955 1893 985 detestanda

242 1013 278 1034 ac
304 1002 485 1033 execranda
509 1002 618 1037 verbo,
642 1003 759 1043 scripto
785 1008 816 1033 et
841 1003 923 1034 facto
949 1004 1025 1034 fecit
1050 1004 1168 1035 ibidem
1195 1010 1225 1035 et
1250 1006 1391 1035 exercuit
1417 1009 1448 1035 ct
1472 1017 1528 1046 per
1551 1006 1630 1036 alios
1653 1006 1722 1036 fleri
1747 1009 1779 1036 et
1803 1016 1895 1037 exer-

245 1055 309 1084 ccri
334 1054 422 1085 vobis
446 1055 596 1084 resistere
621 1065 677 1085 seu
702 1054 872 1095 prohibere
897 1056 1131 1096 nequeuntibus
1155 1056 1240 1087 fecit.
1265 1056 1364 1087 voluit
1388 1060 1419 1086 ct
1444 1058 1598 1097 permisit.

350 1111 378 1139 2.
409 1108 650 1150 Subsequenter
673 1120 747 1139 vero
773 1109 955 1140 Ludovicus
980 1111 1124 1151 prefatus
1148 1111 1221 1142 inde
1247 1112 1400 1143 recedens
1425 1116 1456 1143 et
1482 1124 1590 1143 versus
1609 1112 1729 1143 Urbem
1753 1112 1897 1143 infelices

242 1160 385 1201 dirigens
409 1170 536 1201 gressus
560 1171 643 1193 suos,
668 1161 836 1191 nonnullos
862 1161 900 1191 de
926 1163 1055 1192 civitate
1073 1163 1215 1201 Pis(ana)
1234 1164 1366 1194 clericos
1391 1168 1423 1194 et
1447 1164 1554 1196 laicos.
1579 1175 1618 1195 ne
1644 1164 1764 1205 aliquid
1789 1168 1897 1204 posset

242 1212 368 1243 interim
393 1212 574 1242 immutarib
599 1213 682 1242 circa
707 1213 805 1252 ipsius
829 1213 965 1243 civitatis
983 1215 1135 1254 regimen,
1160 1225 1266 1244 secum
1286 1215 1377 1245 duxit
1401 1215 1458 1246 sub
1483 1227 1578 1246 manu
1595 1216 1716 1256 potenti
1734 1216 1896 1246 civitatem

244 1264 382 1295 eandem
407 1264 561 1294 munitam
587 1263 777 1294 dimittendo
802 1264 1026 1295 nichilominus
1057 1270 1088 1295 ct
1113 1266 1249 1296 eandem
1274 1267 1358 1297 dicto
1384 1266 1549 1297 Castrncio
1579 1266 1834 1297 commendando
1860 1277 1895 1297 ac

242 1326 260 1345 a
284 1315 375 1345 vobis
399 1315 503 1345 invitis
527 1325 659 1355 magnas
684 1316 890 1355 pecuniarum
917 1327 1057 1346 summas
1075 1318 1235 1358 exigendo
1260 1321 1292 1348 et
1316 1319 1411 1349 etiam
1438 1330 1494 1359 per
1517 1330 1606 1349 suam
1624 1318 1813 1349 tirannidem
1839 1328 1895 1348 ex-

243 1366 432 1407 torquendo.
479 1365 601 1396 Rursus
624 1370 696 1406 post
725 1367 802 1397 certi
833 1368 986 1408 temporis
1016 1368 1160 1408 spacium
1190 1375 1386 1400 memoratus
1411 1369 1593 1400 Ludovicus
1622 1369 1662 1400 de
1695 1370 1779 1400 dicta
1808 1369 1894 1399 Urbe

241 1418 281 1448 ad
306 1418 463 1459 prefatam
489 1418 649 1448 civitatem
675 1418 800 1448 rediens
826 1422 857 1448 et
874 1420 1015 1449 existens
1039 1420 1069 1449 in
1096 1431 1133 1450 ca
1158 1432 1228 1451 cum
1248 1422 1392 1461 potentia
1413 1422 1517 1462 gentis
1541 1432 1596 1451 suc
1615 1422 1715 1451 virum
1739 1420 1896 1461 perfidum

242 1469 373 1500 Petrum
400 1470 438 1499 dc
464 1469 618 1499 (lorbario
643 1471 854 1510 apostaticum
880 1474 911 1500 ct
929 1472 1143 1502 scismaticum
1163 1483 1232 1502 cum
1251 1473 1315 1502 suis
1332 1484 1469 1513 nequam
1489 1472 1678 1503 officialibus
1697 1476 1728 1503 ct
1745 1473 1895 1502 ministris

242 1523 271 1552 in
297 1522 458 1552 civitatem
484 1521 659 1551 introduxit
677 1522 833 1561 prefatam
860 1522 953 1562 eique
979 1522 1054 1553 fes-it
1078 1527 1229 1564 tanquam
1256 1535 1338 1564 pape
1357 1525 1510 1555 honorem
1536 1525 1565 1554 in
1584 1524 1689 1554 divine
1708 1524 1896 1564 magestatis

243 1573 470 1603 contumeliam
496 1576 527 1603 et
552 1576 734 1603 cunctorum
760 1574 914 1603 iacturam
939 1574 1082 1605 fidelium
1108 1575 1263 1606 exhiberi.
1290 1587 1383 1615 quem
1402 1576 1556 1606 honorem
1581 1580 1644 1605 tam
1662 1575 1816 1615 regimina
1835 1586 1895 1615 qm¹

243 1625 284 1655 ibi
310 1628 400 1654 erant
425 1635 520 1664 quam
545 1624 687 1655 nonnulli
713 1635 753 1654 ex
770 1625 859 1655 vobis
884 1629 916 1655 ct
940 1626 1083 1656 forenses
1100 1626 1197 1657 Petro
1223 1627 1435 1657 exhibuerunt
1460 1627 1563 1657 eidem
1591 1630 1623 1656 et
1646 1626 1743 1667 aliqui
1768 1630 1832 1656 tam
1857 1626 1895 1655 dc

242 1677 371 1706 civitate
397 1687 491 1716 qnam
518 1677 669 1706 comitatu
695 1680 726 1707 et
749 1677 894 1707 districtu
920 1678 1070 1718 predictis
1095 1678 1134 1708 ab
1161 1689 1198 1709 eo
1224 1678 1377 1709 beneficia
1403 1682 1434 1708 et
1459 1678 1561 1708 officia
1589 1682 1779 1718 receperunt
1803 1678 1894 1718 ipsis-

244 1739 305 1769 que
330 1729 495 1759 Ludovico
520 1732 552 1758 et
576 1728 673 1758 Petro
699 1738 875 1769 eorumque
900 1729 1082 1769 dampnatis
1106 1730 1298 1770 sequacibus
1328 1730 1357 1759 in
1387 1730 1501 1760 cadem
1534 1729 1661 1759 civitate
1693 1728 1894 1759 manentibus

241 1780 387 1810 homines
415 1781 514 1820 ipsius
544 1780 681 1810 civitatis
715 1781 847 1820 eiusque
878 1781 1047 1811 comitatus
1072 1780 1118 1822 [et
1142 1780 1314 1822 districtus]
1342 1786 1406 1811 tam
1435 1781 1540 1811 clerici
1573 1791 1667 1821 quam
1698 1780 1769 1810 laici
1796 1780 1893 1810 inter-

241 1831 359 1862 dictum
385 1842 440 1861 scu
466 1830 644 1869 interdicta,
671 1831 738 1861 cui‘
757 1831 806 1861 vel
832 1831 945 1872 quibus
970 1836 1101 1872 propter
1124 1833 1280 1873 premissa
1298 1833 1408 1863 civitas
1436 1833 1504 1872 ipsa
1529 1843 1601 1862 cum
1627 1831 1770 1862 eiusdem
1796 1832 1893 1861 comi-

240 1886 307 1913 tatu
332 1886 364 1913 et
389 1882 533 1912 districtu
556 1882 773 1914 silbiacebant,
800 1884 928 1913 minime
954 1888 1172 1922 servaverunt,
1197 1884 1271 1924 quin
1295 1895 1367 1924 ⁴ymo
1393 1885 1503 1924 pocius
1527 1883 1686 1913 violarunt
1710 1883 1811 1913 coacti
1834 1883 1894 1913 sic-

240 1945 301 1975 que
327 1934 444 1965 ibidem
476 1933 582 1963 divina
612 1933 774 1964 celebrata
802 1945 857 1964 seu
887 1936 996 1974 pocius
1030 1936 1197 1975 profanata
1227 1936 1368 1971 fuerunt,
1399 1934 1555 1977 [quamvis
1580 1945 1634 1964 ves
1665 1934 1808 1974 predicta
1836 1944 1894 1974 per

212 2001 222 2017 s.
243 1985 374 2016 eosdem
400 1984 613 2027 Lu]dovicum
638 1988 669 2015 et
694 1984 826 2015 Petrum
851 1996 1026 2027 eorumque
1051 1997 1220 2027 sequaces,
1250 1988 1410 2017 ministros
1438 1990 1470 2017 et
1498 1985 1670 2026 complices
1698 1988 1892 2026 presumpta

241 2038 326 2067 facta
357 2041 388 2067 et
417 2040 609 2078 attemptata
641 2046 710 2066 esse
742 2047 778 2067 ac
802 2037 898 2067 fuisse
930 2038 1185 2068 abhominabilia
1214 2042 1246 2069 et
1274 2038 1431 2069 horrenda
1465 2037 1629 2068 catholicis
1661 2047 1698 2067 ac
1728 2037 1834 2066 inania
1863 2040 1894 2066 et

240 2089 326 2119 nulla
357 2088 395 2119 de
431 2090 498 2119 iurc
534 2098 656 2128 nosque
692 2098 800 2118 verum
834 2100 949 2129 papam
978 2093 1010 2119 et
1041 2094 1243 2120 sacrosancte
1276 2090 1421 2120 Romane
1451 2100 1487 2119 ac
1518 2088 1707 2119 universalis
1745 2087 1893 2129 [ecclesio

241 2151 398 2170 summum
424 2139 605 2180 pontificem
631 2150 700 2169 esse
726 2143 758 2169 et
782 2139 890 2181 fuisse}
915 2151 933 2171 a
951 2144 1096 2182 tempore
1114 2142 1323 2182 promotionis
1348 2146 1453 2171 nostre
1479 2140 1519 2170 ad
1536 2139 1711 2180 apostolice
1730 2139 1893 2179 dignitatis

239 2192 364 2232 apicem
390 2191 564 2222 crederetis
588 2194 620 2221 ct
644 2192 796 2221 teneretis
820 2191 961 2225 firmiter.
987 2193 1067 2222 sicut
1084 2193 1187 2223 adhuc
1206 2193 1333 2223 creditis
1351 2192 1606 2223 indubitabiliter
1630 2194 1661 2221 et
1686 2191 1810 2225 tenetis,
1835 2201 1892 2220 nec

243 2253 261 2273 a
285 2243 346 2273 fide
373 2243 540 2281 catholica,
566 2253 661 2283 quam
687 2253 743 2273 nos
768 2246 799 2272 et
824 2244 892 2283 ipsa
918 2244 1054 2274 ecclesia
1078 2244 1280 2284 predicamus
1305 2249 1336 2275 et
1361 2244 1526 2281 docemus,
1558 2241 1721 2285 [recedere
1752 2252 1810 2272 nec
1835 2242 1892 2271 ali-

240 2293 301 2336 cui]
328 2298 436 2325 contra
460 2295 561 2334 ipsam
586 2294 694 2324 favere
724 2293 942 2336 intende[retis
967 2306 1093 2336 quoquo
1119 2295 1232 2333 modo,
1258 2306 1451 2337 quamquam
1480 2306 1540 2326 non
1566 2295 1688 2324 fueritis
1712 2292 1791 2335 au]si
1820 2303 1892 2334 pre-

239 2345 342 2375 missis
366 2345 563 2375 detestandis
587 2345 736 2376 resistere
761 2349 795 2375 ut
819 2346 987 2386 prefertur.

347 2403 376 2432 3.
410 2401 620 2432 Postmodum
646 2405 754 2432 autem
780 2402 864 2432 dicto
889 2403 1054 2433 Ludovico
1080 2403 1120 2433 de
1145 2404 1288 2439 civitate,
1322 2403 1475 2433 comitatu
1505 2406 1535 2431 et
1565 2400 1710 2431 districtu
1740 2399 1891 2440 predictis

238 2452 419 2487 recedente,
439 2463 492 2483 vos
509 2456 721 2483 memoratum
739 2453 871 2484 Petrum
890 2454 928 2485 de
947 2454 1100 2485 Coi-bario
1118 2465 1256 2496 suosque
1274 2454 1464 2494 dampnatos
1482 2451 1647 2494 officipiles
1672 2455 1703 2482 et
1720 2450 1890 2492 minist]r‹‘›s

239 2515 311 2534 cum
335 2515 391 2534 sua
415 2503 614 2535 licentiantes
638 2503 822 2546 [ignominia
840 2505 879 2535 de
899 2507 1025 2536 civitate
1044 2504 1200 2548 predicta]
1226 2506 1390 2546 expellere
1409 2504 1583 2537 curavistis,
1603 2503 1738 2533 eundem
1757 2502 1889 2532 Petrum

240 2555 278 2586 de
305 2555 458 2586 Corbario
483 2559 640 2586 arrestare
665 2559 737 2586 tunc
768 2567 822 2596 prc
852 2557 965 2587 timore
995 2558 1102 2588 vicarii
1132 2557 1206 2588 dicti
1231 2557 1386 2588 Ludovici
1416 2560 1447 2586 et
1475 2556 1579 2596 gentis
1608 2555 1781 2594 armigere,
1812 2563 1889 2593 quos

238 2606 356 2637 ibidem
381 2606 560 2643 dimiserat,
585 2617 647 2637 non
671 2607 835 2643 audente&
862 2608 936 2639 licet
960 2612 1072 2649 postea
1103 2609 1273 2649 resumptis
1302 2612 1406 2639 tractu
1434 2607 1586 2647 temporis
1612 2605 1728 2635 viribus
1759 2604 1889 2635 eosdem

238 2658 390 2688 vicarium
415 2661 447 2688 et
470 2661 600 2698 gentem
618 2661 650 2688 et
667 2669 886 2699 quoscumque
904 2659 979 2690 dicti
996 2659 1152 2690 Ludovici
1170 2659 1323 2690 officiales
1341 2670 1377 2689 ac
1396 2659 1529 2689 ecclesie
1546 2660 1734 2696 nostrosque
1752 2655 1889 2685 rebelles

342 2759 408 2785 (346.
437 2760 459 2791 a)
479 2761 571 2784 excidit
590 2769 609 2785 c.
699 2760 722 2790 b)
743 2762 836 2786 imitari
857 2770 876 2785 c.
967 2762 989 2791 ν)
1009 2763 1051 2793 qui
1071 2770 1090 2786 c.
