2205 3025
333 145 393 172 570
739 136 832 162 ACTA
852 135 965 161 ΗΕΘΜ
986 132 1168 161 LUDEWICI
1190 125 1234 159 1v2
1274 133 1346 160 1330.
1384 133 1432 159 Nr.
1446 126 1506 159 672.
1523 133 1581 160 673.

332 230 432 256 status
457 228 487 255 ct
512 224 706 255 condicionis
731 223 958 261 cuiuscumque
987 220 1163 250 districcius
1188 219 1369 249 inhibentes
1393 219 1500 259 gracie
1526 222 1557 249 et
1581 218 1698 249 favoris
1722 219 1820 250 nostri
1844 219 1902 250 sub
1927 219 1984 250 ob-

333 281 435 313 tentu,
463 286 503 306 ne
529 286 583 306 vos
608 277 793 314 vestrosque
822 281 1024 303 successores
1053 274 1084 302 et
1116 274 1262 311 posteros
1290 270 1321 300 in
1352 270 1503 311 predictis
1531 280 1589 300 seu
1618 271 1757 310 ipsorum
1791 270 1899 311 aliquo
1928 275 1984 301 aut

330 332 441 358 contra
465 337 504 357 ea
528 326 648 356 directe
673 324 723 355 vel
747 323 912 361 indirecte,
937 322 1065 363 publice
1083 322 1133 352 vcl
1158 321 1283 352 occulte
1307 320 1416 361 aliquo
1433 320 1530 351 modo
1554 321 1721 361 impetant,
1745 321 1917 352 molestent
1932 321 1983 353 vel

331 378 528 419 perturbent.
553 377 638 406 inmo
664 376 773 416 pocius
798 375 887 405 iuxta
911 384 1040 405 suorum
1064 373 1311 414 possibilitatem
1336 373 1450 403 virium
1474 383 1529 403 vos
1553 373 1583 403 in
1608 372 1729 403 eisdem
1755 375 1984 404 manuteneant

332 434 364 460 et
387 427 591 459 dofendantd.
2019 435 2031 454 5

439 482 468 510 3.
503 479 589 509 Nulli
623 488 699 518 ergo
733 478 861 508 omnino
890 477 1054 507 hominum
1086 475 1182 506 liceat
1212 475 1293 506 hanc
1317 478 1423 506 nostre
1454 475 1721 515 confirmacionis,
1752 475 1984 515 ratificacionis,

329 531 576 573 approbacionis
601 533 632 559 ct
657 529 753 560 etiam
778 538 859 559 nove
884 527 1097 558 concessionis
1122 527 1273 567 paginam
1297 526 1471 567 infringere
1488 526 1539 557 vel
1564 527 1594 557 ei
1618 537 1697 558 ausu
1714 527 1884 557 temerario
1909 536 1985 557 con-

330 584 436 614 traire.
499 581 530 611 Si
567 581 637 621 quis
672 582 780 610 autem
817 579 1038 610 contravenire
1068 578 1312 619 presumpserit,
1349 577 1607 618 indignacionem
1637 582 1778 609 nostram
1807 581 1839 609 et
1867 588 1985 619 penam

330 638 456 665 centum
481 642 661 664 marcarum
686 632 754 661 auri
778 631 862 671 puri,
892 640 1026 671 quarum
1050 628 1259 660 medietatem
1283 629 1358 659 fisco
1389 628 1421 659 id
1445 631 1494 659 est
1521 632 1628 660 nostre
1656 630 1815 670 imperiali
1845 639 1984 667 camere,

331 686 487 726 reliquam
512 694 587 714 vero
613 685 759 715 iniuriam
784 684 885 725 passis
910 683 1063 724 applicari
1087 683 1242 721 volumus,
1266 683 1335 723 ipso
1360 682 1445 713 facto
1469 692 1503 713 se
1527 682 1651 713 noverit
1674 683 1881 713 incursurum.
2007 692 2031 710 ιο

439 737 476 766 In
500 737 588 766 cuius
612 737 657 767 rei
682 736 901 767 testimonium
926 737 1092 775 presentes
1117 733 1272 765 conscribi
1304 736 1336 764 et
1359 737 1466 764 nostra
1490 733 1578 764 bulla
1601 743 1699 764 aurea
1727 744 1763 764 ac
1787 736 1894 764 nostro
1926 735 1985 764 im-

330 788 442 829 periali
468 788 557 828 signo
583 790 744 818 consweto
768 787 916 817 iussimus
941 786 1125 817 coninuniri.

438 839 556 870 Datum
581 838 736 871 Tridenti.
760 838 841 869 feria
864 838 975 878 quinta
998 840 1070 878 post
1094 837 1366 867 circumcisionem
1383 836 1522 870 Domini.
1547 836 1605 867 sub
1630 847 1712 867 anno
1730 835 1857 867 Domini
1882 835 1986 867 mille-

331 892 411 921 simo
437 891 663 921 trecentesimo
688 890 860 927 tricesimo.
886 887 1254 927 indicc.'te1·ciadecima7
1279 889 1368 929 regni
1389 888 1487 919 nostri
1504 898 1586 919 anno
1604 887 1835 927 sextodecimo,
1859 888 1985 928 imperii

331 952 407 973 vero
432 942 582 973 secundo.
2006 951 2030 969 15

439 1009 527 1050 Ego‘¹
558 1009 681 1048 fr(ater)
706 1009 878 1040 Heinricus
912 1019 1000 1039 sacre
1033 1008 1174 1039 theoloie
1200 1008 1311 1039 doctor
1335 1012 1366 1039 et
1395 1008 1530 1048 fungens
1558 1008 1662 1039 officio
1692 1007 1881 1039 cancellarie
1912 1008 1986 1039 aule

332 1061 508 1102 imperialis
540 1062 666 1092 nomine
702 1064 733 1091 et
763 1061 833 1091 loco
866 1060 1100 1101 archiepiscopi
1132 1059 1358 1099 Colonfiensis)
1387 1059 1660 1090 archicancellarii
1690 1070 1749 1100 per
1775 1059 1902 1090 Italiam
1936 1069 1987 1090 re·

332 1114 497 1154 congnovi.

551 1219 637 1253 673.
676 1218 899 1262 Prii-ilcqoe'um
923 1228 991 1261 pro
1018 1216 1187 1251 mobilibus
1215 1217 1506 1261 Peifflwnense'bus.
1613 1216 1767 1251 lamed

444 1292 558 1331 Copiae
582 1292 644 1323 duo
672 1295 682 1322 1
710 1294 738 1322 et
763 1294 780 1322 2
811 1292 844 1322 in
867 1291 1010 1330 chyz'stro
1034 1290 1068 1322 D
1092 1291 1214 1322 membr.
1239 1290 1290 1322 ‘G.
1315 1290 1410 1322 VIII.
1435 1291 1526 1321 1526*
1550 1290 1673 1330 siynato
1700 1300 1777 1322 saec.
1794 1290 1869 1321 XV.
1894 1290 1983 1322 tabu-
2004 1301 2031 1320 πο

333 1344 408 1374 larii
431 1344 612 1374 Bria-sensis
634 1343 687 1381 fol.
708 1344 724 1373 1
749 1346 777 1374 et
799 1344 828 1374 5.
877 1342 1074 1374 Ccmtulimus
1096 1352 1161 1374 nos.

445 1403 685 1434 Traussmntmn
704 1404 721 1433 3
745 1413 774 1433 a.
794 1402 886 1432 1571.
912 1402 933 1432 Ι
935 1412 987 1432 me.
1006 1402 1046 1431 18
1062 1402 1233 1439 confectum
1249 1401 1384 1432 eiusdem
1400 1401 1552 1432 tabularii
1569 1401 1699 1442 reperiri
1713 1411 1776 1432 ozon
1787 1403 1921 1440 poterat.
1946 1419 1987 1424 —

335 1454 398 1485 Ed.
416 1454 532 1485 Ficker
555 1453 796 1493 ‘Forsdeimffev'
821 1453 964 1486 1V,527
986 1463 1035 1486 ην,
1054 1453 1115 1483 515
1139 1463 1177 1484 ea)
1200 1454 1227 1484 3.
1277 1452 1376 1483 Cuius
1398 1453 1560 1483 editionem
1584 1452 1772 1483 adhibemus.

451 1514 581 1545 Variam
612 1513 768 1544 lectionem
796 1513 861 1543 wisi
887 1513 1018 1544 maioris
1046 1514 1144 1552 prelii
1170 1523 1231 1544 non
1262 1512 1492 1543 adnotavimus.
1553 1513 1595 1543 In
1625 1516 1637 1543 1
1671 1514 1699 1543 et
1723 1514 1740 1543 2
1770 1514 1873 1543 textus
1900 1511 1987 1542 raldo

337 1568 504 1604 corruptus
528 1568 580 1595 est.
2008 1582 2033 1600 25

444 1624 589 1661 Biihmer,
615 1624 689 1663 ΒΨ.
706 1623 816 1655 Ludw.
837 1634 868 1662 ρ).
886 1625 950 1654 277
973 1634 1022 1656 ur.
1037 1625 1122 1654 2719
1146 1624 1271 1663 (Addit.
1289 1624 1332 1657 1).

449 1700 631 1731 Ludovicus
655 1700 716 1731 Dei
741 1701 862 1740 gratiaa
879 1700 1096 1731 Romanorum
1121 1701 1315 1741 imperatorb
1339 1711 1469 1742 semper
1491 1704 1643 1741 augustus
1731 1700 1891 1731 nobilibus
1915 1700 1989 1731 viris

336 1752 536 1783 Theutaldo⁰
570 1752 731 1792 quondam
761 1751 941 1782 Gualteriid
972 1752 1012 1782 de
1042 1751 1172 1782 Suardis
1204 1755 1235 1783 et
1262 1752 1402 1792 Mapheo
1432 1752 1507 1782 olim
1537 1752 1672 1782 Odaxiie
1703 1751 1742 1783 de
1770 1752 1912 1783 Forestis
1947 1751 1987 1783 de

308 1821 313 1827 ·
335 1803 509 1845 Pergamo,
535 1804 599 1833 suis
623 1806 654 1833 et
678 1803 804 1843 imperii
829 1802 976 1833 fidelibus
1001 1803 1126 1834 dilectis
1214 1804 1350 1844 gratiam
1375 1814 1463 1834 suam
1488 1807 1520 1834 et
1544 1813 1638 1834 omne
1662 1804 1790 1834 bonum.

448 1858 472 1885 1.
490 1855 736 1895 Imperator-iam
753 1855 955 1885 maiestatem
974 1854 1066 1886 decet
1083 1854 1211 1886 fideless
1225 1855 1350 1896 imperii
1367 1855 1512 1886 alumnos
1528 1855 1696 1893 benefitiis,
1713 1854 1823 1896 gratiis
1839 1858 1871 1885 et
1888 1855 1987 1885 hono·
2007 1868 2031 1886 30

339 1907 425 1937 ribus
450 1906 687 1937 favorabiliterg
705 1906 925 1946 promovereh.
951 1910 983 1936 ut
1007 1906 1106 1937 ceteri
1130 1906 1329 1937 subditorum
1353 1907 1392 1937 ad
1418 1906 1619 1937 fidelitatemi
1643 1906 1755 1938 fortius
1778 1905 1986 1937 animenturk.

340 1957 433 1988 Unde
459 1961 589 1998 propter
613 1957 801 1988 fidelitatem
826 1961 857 1988 et
880 1961 972 1998 grata
996 1958 1134 1991 servitia.
1159 1968 1221 1999 que
1245 1959 1336 1989 nobis
1360 1961 1391 1989 et
1415 1959 1550 1999 imperio
1567 1958 1722 1989 hactenus
1746 1957 1934 1989 exhibuistis
1957 1960 1990 1987 et

338 2019 505 2050 speramus
529 2020 585 2039 vos
610 2009 639 2039 in
665 2012 829 2049 posterum
847 2008 1056 2049 exhibituros,
1081 2009 1226 2040 volentes
1249 2021 1305 2041 vos
1328 2010 1485 2040 honorare
1511 2013 1543 2040 et
1566 2020 1624 2050 per
1639 2009 1792 2040 honorem
1817 2009 1906 2040 vobis
1931 2019 1987 2040 ex-

339 2060 472 2090 hibitum
504 2061 573 2090 aliis
605 2060 746 2091 favorem
780 2060 974 2091 benivoluml
1006 2062 1198 2102 impartirim,
1231 2062 1321 2092 vobis
1351 2065 1383 2092 et
1413 2061 1544 2092 cuilibet
1573 2064 1712 2092 vestrum
1741 2071 1778 2092 ac
1808 2061 1921 2091 vestris
1951 2070 1988 2091 ac

339 2112 564 2151 cuiuscumque
581 2116 720 2142 vestrum
744 2111 917 2143 heredibus
942 2117 973 2142 et
996 2113 1231 2144 successoribus
1255 2124 1312 2154 per
1335 2113 1453 2144 lineam
1477 2113 1685 2144 masculinam
1709 2111 1986 2151 descendentibus,
2007 2123 2031 2142 35

339 2165 374 2192 ut
398 2173 454 2202 per
478 2166 577 2192 totam
595 2163 721 2193 Italiam
746 2163 906 2194 naturales
930 2164 1047 2194 liberos
1065 2165 1129 2195 sive
1154 2163 1331 2203 bastardos,
1356 2165 1489 2205 spurios,
1513 2168 1698 2194 manceresfl
1716 2166 1747 2193 et
1770 2173 1987 2204 quoscumque

338 2214 435 2244 etiam
467 2223 507 2243 ex
532 2214 683 2245 damnato
713 2215 796 2245 coitu
828 2225 884 2245 seu
912 2215 1041 2245 incestis
1065 2216 1183 2256 nuptiis
1206 2219 1391 2256 procreatos
1419 2216 1600 2256 legitimare
1630 2218 1662 2245 et
1689 2214 1730 2245 ad
1760 2224 1870 2245 omnes
1898 2217 1988 2245 actus

340 2264 501 2304 legitimos
526 2266 693 2295 restituere
718 2266 862 2302 valeatis„
887 2267 932 2296 ita
956 2267 1041 2307 quod
1065 2267 1125 2307 ipsi
1149 2267 1311 2298 naturales
1335 2268 1400 2298 sive
1424 2266 1580 2305 bastardi,
1604 2266 1706 2307 ‘spurii
1730 2270 1780 2297 et⁰
1803 2271 1988 2297 mancei-esp

341 2326 398 2355 per
423 2326 478 2345 vos
506 2322 582 2346 seuq
612 2317 750 2356 aliquem
780 2320 919 2347 vestrum
948 2321 1002 2348 aut
1032 2323 1107 2358 perr
1135 2322 1257 2349 vestros
1290 2318 1427 2349 heredes
1461 2325 1494 2348 et
1523 2327 1724 2348 successores
1752 2320 1787 2347 ut
1814 2317 1989 2358 predicitur

342 2367 532 2407 legitimatis
556 2367 596 2397 ad
621 2367 767 2400 honores.
797 2368 984 2408 dignitates-¹*
1009 2379 1045 2399 ac
1074 2370 1170 2400 etiam
1200 2369 1253 2400 ad*
1283 2369 1501 2400 successiones
1529 2372 1561 2399 et
1590 2368 1786 2399 hereditates
1814 2368 1986 2398 volentium
2007 2380 2033 2398 40

340 2422 419 2448 eosu
451 2419 608 2458 ipsorum*
646 2418 781 2449 heredes
820 2420 983 2449 instituere
1018 2424 1072 2450 aut
1108 2421 1152 2451 eis
1185 2421 1365 2461 relinquere
1398 2420 1518 2461 aliquid
1548 2419 1792 2452 admittanturW.
1831 2429 1871 2450 ex
1902 2422 1989 2449 certa

442 2511 508 2537 672.
537 2510 561 2542 d)
580 2521 647 2543 sequ.
667 2532 691 2537 ..
713 2521 749 2536 or.
833 2514 853 2542 Β’)
873 2513 964 2537 abhinc
982 2522 1074 2538 wirma&
1093 2515 1245 2539 cancellarii
1264 2524 1301 2540 or.

445 2570 511 2596 673.
540 2572 562 2599 ³¹)
582 2573 663 2603 gratia
683 2573 729 2597 Dei
748 2572 771 2597 3.
871 2572 895 2603 b)
915 2578 939 2598 et
958 2574 1018 2598 1¹ch-
1033 2574 1054 2599 l.
1069 2573 1092 2598 Ξ).
1194 2576 1216 2605 0)
1235 2575 1368 2600 Teudaldo
1387 2575 1410 2600 3.
1510 2574 1533 2606 d)
1559 2575 1675 2600 Gualteri
1694 2573 1718 2599 3.
1818 2574 1840 2605 e)
1859 2574 1945 2598 Odasii
1964 2572 1988 2598 3.

341 2614 359 2644 s)
379 2615 492 2639 fidelium
513 2614 535 2638 1.
550 2614 572 2638 ἱ).
645 2619 668 2644 Β)
689 2616 873 2640 favorabilibus
893 2615 916 2640 1.
930 2615 954 2640 ⁶2.
1025 2616 1050 2647 h)
1070 2619 1212 2649 promoveri
1234 2618 1255 2642 l.
1268 2617 1292 2643 2.
1368 2617 1385 2648 i)
1405 2619 1508 2643 servitia
1530 2617 1551 2642 1.
1565 2617 1588 2642 2.
1665 2616 1690 2647 k)
1709 2620 1905 2650 promoveantur
1926 2616 1946 2640 1.
1962 2615 1988 2640 2.

340 2656 358 2688 ¹)
384 2657 582 2682 benivolentiam
605 2657 625 2682 1.
640 2658 663 2682 32.
764 2660 795 2687 ¹¹¹)
820 2659 918 2690 imperii
940 2659 1000 2683 1.2.
1099 2663 1122 2690 ιλ)
1148 2668 1277 2685 mauceros
1301 2660 1320 2685 l.
1425 2661 1449 2691 Ο)
1474 2661 1541 2686 deest
1562 2661 1582 2685 l.
1596 2660 1620 2685 3.
1724 2660 1747 2690 P)
1773 2668 1904 2684 manceros
1925 2658 1984 2684 1.2.
2004 2664 2030 2683 45

340 2699 364 2730 q)
384 2701 436 2724 sive
457 2700 479 2725 1.
494 2700 517 2724 2.
609 2705 629 2725 Γ)
650 2701 716 2725 deest
736 2700 760 2726 3.
849 2704 869 2729 Β)
888 2702 1023 2733 legitimari
1042 2701 1070 2731 33
1091 2707 1115 2726 et
1133 2703 1195 2728 add.
1208 2702 1232 2726 2.
1322 2703 1339 2734 ¹)
1359 2704 1425 2728 deest
1444 2702 1467 2728 2.
1556 2705 1581 2734 υ)
1601 2703 1667 2728 deest
1688 2702 1709 2727 1.
1723 2702 1746 2727 2.
1835 2702 1858 2733 Ψ)
1879 2702 1946 2726 deest
1963 2700 1987 2726 3.

341 2744 370 2773 w)
390 2748 415 2767 et
435 2743 495 2767 adil.
513 2743 532 2767 l.
548 2743 570 2767 2.
