2205 3025
480 112 576 142 ACTA
596 112 707 138 REGNI
727 112 908 139 LUDEWICI
927 113 973 139 IV.
994 113 1037 138 ET
1058 112 1242 139 FRIDERICI
1262 112 1309 138 ΙΙΙ.
1348 113 1421 139 1325.
1458 112 1505 138 Nr.
1518 113 1576 138 530.
1790 116 1851 145 443

314 202 342 229 ὃ.
377 198 429 228 Ad
453 198 512 229 hec
538 209 663 239 quoque
688 199 832 229 volentes
857 210 912 229 vos
936 203 968 230 ct
991 210 1126 230 comune
1150 199 1303 230 Pisanum
1327 199 1483 230 uberioris
1507 199 1609 240 gratie
1635 199 1718 230 dono
1743 210 1851 240 prose-

205 249 268 290 qui,
293 249 384 279 vobis
408 252 440 279 et
457 250 583 279 comuni
599 249 717 279 Pisano
735 250 940 280 concedimus
957 254 989 281 et
1005 250 1159 281 donamus
1184 251 1345 281 civitatem
1362 250 1506 281 Grosseti
1525 251 1656 291 eiusque
1675 250 1852 282 districtum

198 300 279 331 ‘cum
307 294 432 330 iuribus‘
458 304 490 331 et
518 300 719 340 pertinentiis
748 301 812 331 suis
841 304 891 332 ets¹
922 304 1060 332 castrum
1087 301 1188 332 Ravi⁰
1219 312 1289 332 cum
1319 301 1440 332 iuribus
1470 305 1502 332 et
1529 302 1729 342 pertinentiis
1759 302 1852 333 suisp.

205 351 342 392 Insuper
365 352 462 382 etiam
487 351 691 382 concedimus
720 355 751 382 et
776 352 931 382 donamus
955 363 1065 383 omnes
1095 353 1173 383 alias
1203 357 1303 384 terras
1332 356 1364 383 et
1388 354 1598 384 comunitates
1627 354 1769 384 inimicas
1792 354 1850 383 im-

176 419 188 437 5
207 403 287 443 perii
312 405 344 433 et
373 402 448 432 dicti
477 403 618 432 comunis
647 402 810 440 Pisarum,
840 413 918 443 quas
947 403 1107 443 prefatum
1137 414 1271 434 comune
1302 403 1448 434 Pisarum
1478 404 1708 444 adipisceretur
1735 405 1851 435 virtute

207 464 377 493 armorum,
403 456 434 484 et
457 454 489 484 in
512 453 572 483 hiis
596 456 720 484 tantum
744 454 860 484 virtute
889 465 1049 484 armorum
1079 454 1292 495 adipiscendis
1323 455 1391 485 iure
1420 460 1528 486 nostro
1557 458 1589 486 et
1618 456 1743 496 imperii
1767 465 1851 486 sem-

204 514 263 546 per
285 505 383 535 salvo.

312 558 340 587 9.
376 556 409 587 Si
439 557 508 597 quis
532 559 640 587 autem
672 556 711 587 de
743 556 894 597 predictis
925 556 1180 587 concessionibus
1209 557 1363 598 quidquid
1387 557 1504 588 Pisane
1536 558 1656 588 civitati
1685 558 1853 588 abstulerit

206 607 257 638 vel
280 607 506 648 inquietaverit
537 610 592 638 aut
619 608 658 638 dc
683 607 834 648 predictis
858 619 954 648 supra
978 609 1123 649 predicte
1148 609 1267 639 civitati
1293 609 1452 639 concessis
1477 609 1658 647 detinuerit,
1684 609 1852 640 citabimus

163 673 186 692 ιο
206 669 279 690 eum
308 659 522 699 precipientes
548 662 584 689 ut
607 659 738 689 desistat
767 662 799 689 et
822 659 945 690 restitui
970 660 1132 690 faciemus.
1179 659 1273 695 Quod
1297 661 1321 689 si
1347 670 1409 690 non
1434 660 1555 693 fecerit.
1580 671 1637 701 per
1660 662 1851 692 sententiam

204 714 346 741 nostram
371 721 443 742 eum
468 710 572 741 banno
597 721 813 751 supponemus
837 721 895 741 nec
920 711 1126 741 extrahemus
1150 721 1168 741 a
1192 711 1314 743 banno.
1345 712 1403 741 nisi
1427 713 1529 752 primo
1555 712 1746 743 satisfecerit
1774 713 1850 743 civi-

204 763 261 793 tati
284 761 411 793 Pisane.
458 762 690 792 Nichilominus
714 762 832 792 viribus
856 763 984 794 nostris.
1010 763 1097 803 quod
1121 762 1242 793 eisdem
1267 762 1393 793 Pisanis
1421 763 1566 804 predicta
1594 765 1699 794 omnia
1727 764 1852 794 illibata

203 817 385 850 serventur,
417 813 597 844 curabimus
622 824 692 844 cum
722 813 847 844 effectu.
906 813 976 844 Ilec
1006 813 1189 854 supradicta
1222 814 1328 844 omnia
1360 814 1471 845 damus
1504 815 1532 844 in
1563 815 1692 845 feudum
1721 818 1753 845 et
1776 826 1850 846 con-

205 865 347 896 cedimus
371 866 498 896 comuni
522 868 554 896 et
578 865 696 906 populo
714 865 904 895 Pisanorum
930 868 962 895 et
987 876 1043 905 per
1067 869 1247 906 presentem
1267 865 1425 906 privilegii
1450 867 1599 907 paginam
1617 867 1850 906 confirmamus,

161 930 185 948 15
205 927 302 958 quam
326 916 383 947 sub
409 916 495 947 bulla
519 920 626 947 nostra
650 922 768 947 aureaq
793 917 939 947 iussimus
969 917 1119 957 insigniri.
1175 917 1214 947 Et
1243 917 1282 947 de
1314 917 1464 957 predictis
1490 928 1544 947 ves
1572 918 1763 958 recipientes
1793 928 1850 958 pro

204 968 331 999 comuni
356 972 388 999 et
411 969 530 1009 populo
548 968 665 999 Pisano
691 972 723 999 et
740 968 874 999 Pisanos
899 979 1009 999 omnes
1033 969 1220 1000 investimus
1243 980 1301 1010 per
1326 979 1445 1006 ensem,
1471 979 1564 1009 quem
1588 970 1618 998 in
1643 980 1737 999 manu
1762 972 1851 999 tene-

201 1030 282 1050 muS.
327 1019 511 1050 Predictam
536 1023 644 1050 autem
662 1021 901 1050 concessionem
926 1031 982 1051 seu
1000 1020 1162 1050 dationem
1187 1024 1288 1050 ratam
1314 1030 1382 1050 esse
1408 1020 1552 1050 volumus
1576 1024 1608 1050 et
1630 1021 1763 1057 firmam,
1788 1031 1851 1050 non

203 1071 352 1102 obstante
376 1071 483 1112 aliquo
513 1071 679 1112 privilegio
704 1071 754 1101 vcl
785 1072 937 1111 rescripto
963 1072 1012 1102 vel
1042 1071 1156 1101 litteris
1185 1083 1203 1102 a
1227 1071 1508 1112 predecessoribus
1532 1072 1646 1101 nostris
1670 1071 1719 1101 vel
1744 1075 1852 1102 nostra

202 1124 372 1153 maiestate
397 1123 575 1163 impetratis
599 1122 649 1153 vel
681 1123 899 1163 impetrandis,
946 1122 987 1153 Et
1016 1123 1040 1152 si
1065 1134 1127 1164 qua
1152 1123 1226 1153 talia
1252 1123 1420 1163 privilegia
1445 1123 1493 1152 vel
1519 1123 1673 1163 rescripta
1705 1124 1852 1153 invencta

161 1186 186 1204 20
206 1174 332 1213 fuerint,
358 1185 396 1205 ea
420 1174 578 1214 imperiali
602 1175 793 1205 auctoritate
818 1185 989 1205 cassamus.

595 1272 617 1299 1.
1440 1262 1456 1281 '³

248 1329 330 1360 Acta
359 1332 431 1359 sunt
458 1329 517 1359 hec
546 1329 628 1359 Pisis
659 1329 689 1359 jn
721 1329 795 1359 aula
825 1332 941 1363 nostr&
971 1330 1001 1359 jn
1097 1320 1169 1350 Dat.
1195 1319 1293 1359 Pisis,
1325 1330 1406 1350 anno
1431 1319 1560 1350 Domini
1589 1320 1756 1350 millesimo
1789 1323 1851 1351 tre-

204 1381 366 1421 presentja
389 1380 582 1411 venel-abilis
610 1381 640 1411 jn
665 1380 791 1411 Clu-ism
821 1381 919 1420 patris
945 1380 1001 1410 l10.
1055 1372 1229 1402 centesimo
1254 1372 1409 1412 vigesimo
1437 1374 1559 1409 octavo,
1585 1371 1755 1401 indictione
1774 1371 1851 1402 duo-

204 1432 279 1462 mini
305 1432 416 1462 Iacobi
439 1431 500 1462 Dei
524 1432 629 1473 gratia
653 1432 809 1462 Ostiensis
834 1435 866 1462 ct
890 1432 1000 1462 Velle-

162 1493 186 1512 25
206 1484 319 1514 trensis
344 1484 486 1524 episcopi
514 1494 551 1514 ac
580 1483 764 1514 illustriumr
793 1487 825 1513 et
855 1484 1001 1524 magnifi-

203 1545 311 1565 corum
329 1536 467 1566 virorum
492 1535 692 1565 dominorum
711 1535 877 1575 Maynardi
903 1535 1001 1565 comi-

204 1587 243 1617 tis
274 1587 313 1618 de
342 1586 533 1627 Octinborg,
565 1587 713 1617 Tederici
748 1587 890 1625 magistri
923 1587 1001 1617 Ala-

206 1649 404 1676 mannorum,
428 1638 592 1669 Frederici
610 1639 733 1669 comitis
751 1638 789 1668 de
809 1638 1001 1679 Ovtinghen,

206 1690 295 1722 Nerii
320 1690 360 1721 de
377 1691 512 1731 Fagiola
536 1694 567 1721 et
584 1690 784 1731 Ugolinuccii
810 1690 849 1720 de
867 1689 1004 1720 Baschia

165 1750 189 1769 ³0
207 1742 363 1773 baronum
392 1745 423 1773 et
452 1742 719 1772 consiliariorumS
744 1741 859 1782 prefati
885 1741 1004 1771 domini

208 1794 409 1835 imperatoris
447 1793 577 1824 testium
622 1794 662 1824 ad
708 1793 768 1824 hec
807 1796 1003 1824 vocatorum.

206 1846 299 1876 Anno
316 1845 445 1876 Domini
470 1845 641 1876 millesimo
666 1845 891 1875 trecentesimo
915 1845 1003 1885 vige-

207 1898 286 1928 simo
326 1900 453 1935 octavo,
492 1896 666 1927 indictione
706 1896 911 1936 duodecima,
952 1895 1003 1926 die

207 1949 362 1990 vigesima
391 1948 530 1980 secunda
554 1947 757 1987 Decembris,
788 1948 877 1987 regni
904 1947 1003 1977 nostri

163 2008 185 2027 3⁵
206 2011 287 2031 auno
312 1999 561 2041 quintodecimo,
586 2000 711 2040 imperii
737 2010 811 2030 vero
836 2000 949 2039 primo.

250 2051 382 2093 Signum
407 2051 526 2082 domini
542 2050 697 2082 Ludovici
722 2051 826 2091 quarti
846 2050 908 2080 Dei
932 2060 1005 2091 gra-

208 2104 252 2134 tia
277 2103 345 2144 (M.)
376 2102 595 2134 Romanorum
626 2101 829 2142 imperatoris
865 2102 1005 2131 invictis-

206 2155 287 2185 simi.

252 2206 337 2247 Ego‘
371 2206 471 2236 frater
503 2205 674 2236 Heinricus
712 2214 801 2235 sacre
842 2204 1005 2245 theologie

163 2264 188 2282 40
208 2257 320 2288 doctor
349 2262 382 2288 et
404 2267 519 2298 gerens
547 2256 687 2287 officium
719 2255 899 2286 cancellarii
931 2256 1004 2285 aule

207 2309 381 2350 imperialis
404 2309 472 2339 vice
497 2308 618 2338 domini
647 2307 880 2348 archiepiscopi
906 2306 1001 2337 Colo—

206 2361 324 2391 niensis
362 2359 633 2391 archicancellarii
669 2359 749 2389 sacri
784 2358 911 2399 imperii
946 2367 1004 2398 per

207 2411 334 2442 Italiam
358 2411 539 2452 recognovi.

309 2631 376 2659 530.
411 2633 436 2664 n)
455 2637 485 2658 et
504 2633 570 2658 deest
589 2632 612 2658 2.

163 2679 187 2697 45
206 2675 230 2707 P)
249 2683 336 2701 eorum
354 2676 378 2701 2.
466 2675 490 2707 q)
510 2684 606 2701 aurea
626 2676 692 2700 deest
711 2675 735 2699 2.

206 2719 356 2743 cancellarii
375 2719 400 2743 in
413 2718 438 2743 1.

720 2633 742 2662 0)
763 2636 903 2657 castrum
922 2630 1171 2655 Montiscalvuli,
1195 2633 1330 2653 castrum
1361 2632 1392 2652 et
1427 2632 1546 2651 terram
1578 2625 1707 2649 Rctnrii
1741 2623 1801 2646 add¹
1827 2639 1848 2646 „.

824 2677 845 2706 1’)
864 2674 1022 2698 illustrorum
1042 2672 1063 2697 1.

1056 1423 1190 1456 decima,
1222 1423 1273 1453 die
1299 1423 1455 1463 vigesima
1486 1422 1625 1453 secunda
1654 1422 1853 1461 Decembris,

1056 1475 1144 1514 regni
1182 1475 1279 1504 nostri
1315 1485 1397 1504 anno
1437 1474 1689 1515 quintodecimo,
1728 1475 1852 1514 imperii

1055 1537 1130 1556 vero
1156 1527 1268 1566 primo.

1097 1577 1307 1608 Presentibus
1338 1577 1515 1608 venerabili
1549 1578 1576 1606 in
1608 1577 1733 1607 Christo
1763 1580 1852 1617 patre

1056 1628 1184 1659 domino
1201 1629 1320 1659 Iacobo
1338 1629 1398 1659 Dei
1424 1629 1526 1669 gratia
1545 1629 1683 1658 Ostiensi
1701 1632 1732 1658 et
1743 1627 1851 1658 Velle-

1057 1681 1153 1710 trcnsi
1179 1681 1331 1720 episcopo
1357 1690 1393 1710 ae
1418 1679 1592 1710 illustribus
1623 1683 1653 1709 et
1678 1679 1853 1720 magnificis

1056 1733 1130 1762 viris
1159 1732 1295 1762 dominis
1329 1731 1494 1762 Mainardc
1527 1732 1642 1761 comite
1674 1730 1713 1761 de
1743 1730 1852 1760 Octin-

1058 1784 1150 1824 berg,
1198 1784 1354 1814 Tederico
1398 1783 1550 1823 magistro
1589 1783 1852 1820 Alamannorum,

1057 1835 1230 1865 Frederico
1255 1836 1371 1865 comite
1397 1834 1436 1865 de
1462 1834 1657 1874 octinghen.
1686 1833 1783 1864 Nerio
1814 1833 1853 1863 de

1056 1887 1191 1927 Fagiola
1215 1889 1247 1917 ct
1266 1886 1475 1927 Ugolinuccio
1501 1885 1539 1915 de
1564 1885 1701 1915 Baschia
1729 1885 1853 1915 baroni-

1058 1937 1116 1968 bus
1145 1941 1177 1968 et
1205 1937 1393 1968 consiliariis
1422 1937 1537 1978 prefati
1568 1936 1685 1966 domini
1716 1937 1852 1976 impera-

1058 1989 1134 2020 toris
1159 1989 1292 2019 testibus
1316 1988 1355 2019 ad
1381 1988 1439 2019 hec
1464 1988 1593 2018 vocatis.

1826 2621 1841 2639 Ο

1160 2672 1179 2702 s)
1199 2679 1271 2696 orum
1292 2671 1318 2694 ιή
1338 2670 1391 2693 loco
1412 2677 1470 2692 raso
1491 2668 1512 2691 1.
1606 2668 1624 2697 t)
1647 2666 1737 2690 abhinc
1759 2672 1850 2688 manns

1596 2757 1645 2783 56*
