2205 3025
568 216 664 242 ACTA
684 215 791 242 REGNI
811 215 993 242 LUDEWICI
1014 216 1061 243 IV.
1100 217 1174 245 1330.
1212 216 1258 243 Nr.
1272 217 1330 243 821.
1350 217 1407 244 8¹22.
1747 220 1808 250 695

268 301 436 342 Reynaldo
462 302 570 332 comiti
595 301 752 333 Gelrensi.

268 353 494 384 Constanciam
523 353 608 384 clare
637 353 816 384 devotionis
847 357 879 384 ct
908 354 997 392 fidei‚
1029 355 1143 396 quibus
1171 365 1248 396 erga
1276 354 1381 386 Deum
1411 366 1447 386 ac
1482 366 1538 385 nos
1571 359 1603 386 et
1630 355 1809 385 Romanam

160 403 331 435 ecclesiam
355 404 509 435 hactenus
532 407 587 434 tua
611 404 723 435 claruit
746 404 908 436 indefesse
932 407 1108 443 sinceritas,
1132 410 1319 437 revocantes
1344 407 1480 437 letanter
1504 406 1543 437 ad
1564 407 1753 437 memoriam
1777 410 1809 436 et

160 455 398 486 delectabiliter
420 449 634 495 recensentes,
659 456 732 486 inde
757 455 917 487 nobilitati
941 460 993 487 tue
1018 458 1197 497 graciarum
1221 457 1337 489 uberes
1361 458 1503 488 actiones
1520 457 1696 488 exolvimus
1720 467 1809 487 eam-

126 518 137 536 5
160 517 222 547 que
246 516 395 546 rogamus
419 507 576 537 attencius
601 510 632 537 et
656 507 687 537 in
704 506 842 537 Domino
867 507 1083 547 exhortamur,
1108 509 1255 549 quatinus
1278 509 1309 539 in
1334 508 1494 549 predictis,
1520 519 1581 549 que
1606 509 1651 539 tui
1674 508 1810 538 nominis

159 558 279 588 famam
310 557 468 587 extollunt
494 558 608 588 merito
637 558 758 598 tibique
783 558 922 588 divinam
950 562 981 589 et
1005 559 1181 599 apostolice
1211 559 1295 590 sedis
1326 559 1582 591 benedictionem
1612 563 1643 590 et
1673 560 1809 600 gratiam

160 609 317 639 continuis
340 608 543 638 incrementis
568 608 760 643 exuberant,
790 609 1017 640 inviolabiliter
1040 611 1210 650 persistere
1239 621 1301 642 non
1326 611 1455 642 omittas
1481 621 1539 641 nec
1567 614 1598 641 te
1627 611 1810 651 quorumvis

160 659 303 690 seductio
327 669 384 690 seu
408 659 525 689 callida
549 660 715 700 persuasio
741 659 781 690 ab
806 660 881 699 hiis,
911 661 941 690 in
971 661 1084 701 quibus
1107 662 1275 692 assistente
1303 662 1361 693 tibi
1385 662 1491 693 divina
1514 662 1622 702 gracia
1646 661 1810 701 perstitisti

159 713 343 741 constanter
367 714 399 740 ut
423 710 619 751 premittitur
641 710 806 749 hactenus,
831 710 1039 741 adhesionem
1063 711 1287 750 hereticorum,
1312 712 1565 743 scismaticorum
1591 715 1622 742 et
1641 711 1809 742 rebellium

118 775 142 793 ιο
161 772 198 792 ac
222 772 322 802 penas
351 764 383 792 et
413 762 594 793 sentencias
618 761 769 792 adversus
798 761 991 792 adherentes
1021 762 1143 793 eisdem
1171 773 1228 803 per
1254 773 1422 803 processus
1451 766 1575 794 nostros
1604 762 1746 793 diversos
1773 773 1809 793 ac

160 813 229 843 iura
253 816 284 844 et
308 813 550 844 constitutiones
574 812 707 843 inflictas
731 812 861 843 vitando
886 812 1018 853 provide
1043 813 1165 854 tibique
1189 817 1329 844 nostram
1353 817 1385 844 et
1402 813 1544 844 eiusdem
1569 813 1653 844 sedis
1669 814 1810 854 graciam

160 867 292 905 propter
315 864 376 895 hoc
400 864 601 895 vendicando
626 864 784 902 continue,
808 863 946 894 divertat
963 864 1206 905 quomodolibet
1222 864 1273 895 vel
1289 864 1417 895 avellat.
1462 865 1649 895 Audivimus
1672 874 1810 905 namque

160 915 200 946 de
222 919 253 946 te
278 915 330 953 fili„
355 926 451 957 quam
475 915 689 954 laudabiliter,
715 915 804 946 etde
822 915 980 945 nonnullis
1004 925 1113 946 carum
1138 916 1291 956 parcium,
1315 916 1452 956 qualiter
1476 917 1506 946 in
1530 916 1692 956 premissis
1717 919 1748 946 et
1772 926 1811 946 ea

160 966 364 1008 tangentibus
392 978 448 998 vos
477 967 620 1007 gessistis
653 976 777 997 necnon
807 970 839 997 et
867 966 1029 1007 quomodo
1061 967 1115 997 alii
1144 967 1291 1008 gehenne
1319 967 1394 997 filii¹
1419 967 1522 998 Deum
1549 971 1581 997 et
1603 967 1714 998 sedem
1738 977 1810 1007 pre-

117 1032 140 1051 15
161 1018 278 1049 dictam
303 1018 466 1049 offendere
490 1019 520 1048 in
545 1028 673 1049 suarum
698 1018 874 1048 animarum
899 1018 1075 1058 periculum
1100 1022 1196 1059 teque
1221 1018 1369 1059 decipere
1393 1019 1521 1049 minime
1546 1018 1755 1049 formidantes
1779 1021 1810 1049 te

161 1081 180 1101 a
203 1070 254 1100 via
278 1073 375 1108 recta,
400 1080 459 1110 per
482 1080 578 1111 quani
603 1069 794 1100 ambulasti²
820 1073 852 1099 et
876 1069 1041 1100 ambulare
1066 1080 1128 1100 non
1153 1080 1271 1107 cessaS,
1297 1069 1456 1100 divertere
1485 1080 1658 1110 secumque
1682 1070 1713 1100 in
1737 1080 1809 1110 pre-

161 1121 309 1162 cipicium
334 1121 465 1152 nimium
491 1121 669 1161 periculose
695 1120 866 1159 deducere7
891 1124 925 1150 ut
950 1120 1072 1151 eisdem
1097 1121 1296 1155 scismaticis,
1323 1121 1471 1152 hereticis
1495 1124 1527 1151 et
1551 1120 1733 1160 rebellibus,
1758 1121 1811 1161 qui

161 1172 258 1202 nichil
282 1172 341 1202 nisi
367 1172 406 1203 de
424 1172 539 1209 alienQ
561 1183 631 1203 cum
656 1172 698 1202 nil
723 1172 874 1205 habeant.
900 1171 977 1202 dare
1001 1171 1057 1202 tibi
1075 1173 1124 1202 vel
1149 1173 1297 1212 cuiquam
1322 1172 1375 1202 alii
1399 1175 1530 1212 possunt
1547 1172 1596 1202 vel
1614 1172 1810 1212 promittere,

161 1223 336 1254 adhereres
371 1227 403 1255 et
438 1227 469 1254 te
499 1224 551 1254 dil.
577 1224 618 1254 fil.
652 1223 750 1254 nobili
780 1224 848 1254 viro
877 1223 987 1254 Ottoni
1021 1223 1092 1254 duci
1116 1224 1260 1255 Austrie.
1291 1227 1442 1263 tanquam
1474 1223 1498 1253 si
1528 1233 1619 1253 suum
1654 1224 1811 1263 privatum

117 1288 142 1307 ρο
161 1279 274 1315 ageret
290 1275 469 1316 negocium,
495 1285 684 1316 opponeres,
708 1275 891 1313 molinntm·‚
915 1285 986 1305 cum
1008 1274 1092 1305 idem
1111 1274 1175 1305 dux
1200 1275 1230 1304 in
1249 1274 1307 1305 hac
1331 1278 1421 1314 parte
1445 1274 1601 1304 iusticiam
1624 1284 1660 1304 ac
1684 1284 1812 1304 causam

161 1326 223 1357 Dei
255 1330 287 1357 et
311 1327 446 1357 ecclesie
471 1326 609 1367 fideique
638 1326 797 1357 catholice
826 1326 936 1366 procul
968 1325 1064 1356 dubio
1093 1330 1314 1366 prosequatur.
1376 1326 1557 1360 Ques-umus
1587 1326 1682 1365 igitur
1711 1325 1756 1355 fili
1780 1328 1811 1355 et

160 1380 214 1407 tue
239 1377 413 1418 prudencie
439 1388 514 1408 sano
539 1381 738 1419 paternoque
764 1378 895 1408 consilio
920 1377 1101 1415 suademus,
1126 1382 1159 1408 ut
1183 1377 1351 1407 attendens
1369 1376 1454 1417 quod
1478 1386 1595 1406 corona
1618 1387 1680 1406 non
1704 1376 1811 1406 incho-

160 1428 286 1459 antibus
311 1429 368 1459 sed
392 1429 671 1470 perseverantibus
697 1433 745 1460 est
769 1429 939 1470 promissa,
969 1429 1079 1459 talium
1105 1430 1157 1469 qui
1189 1428 1245 1459 tibi
1270 1428 1428 1459 contraria
1452 1431 1504 1457 tue
1529 1427 1621 1457 saluti
1646 1430 1678 1458 et
1701 1427 1813 1457 honori

161 1480 355 1520 persuadent
391 1480 625 1511 inductionibus
653 1481 762 1521 utique
793 1480 1006 1511 fraudulentis
1036 1484 1068 1511 et
1100 1480 1288 1521 periculosis
1319 1479 1500 1509 nullatenus
1524 1479 1722 1519 acquiescas,
1757 1478 1813 1509 sed

118 1543 143 1562 25
163 1530 268 1562 eidem
293 1531 364 1562 duci
393 1531 528 1572 aliisque
559 1532 673 1562 nostris
701 1535 733 1562 et
758 1531 893 1562 ecclesie
924 1535 1102 1562 memorate
1134 1531 1282 1562 fidelibus
1313 1540 1442 1561 causam
1472 1530 1575 1570 ipsam
1604 1532 1713 1560 contra
1743 1540 1813 1570 pre-

163 1581 265 1613 dictos
289 1582 458 1621 hereticos,
484 1583 680 1613 scismaticos
705 1586 737 1613 et
762 1582 900 1613 rebelles
924 1582 1192 1623 prosequentibus
1216 1582 1375 1613 adherens
1400 1581 1510 1622 pocius
1535 1584 1566 1611 et
1589 1581 1727 1611 assistas.
1778 1580 1815 1610 In

163 1634 326 1674 premissis
355 1638 388 1665 et
412 1635 495 1665 circa
519 1645 558 1665 ea
582 1638 612 1665 tc
637 1635 718 1665 sicut
741 1634 895 1665 hactenus
920 1634 1026 1665 taliter
1049 1634 1230 1669 habiturus,
1262 1634 1347 1675 quod
1372 1634 1457 1664 fama
1488 1633 1532 1663 tui
1560 1632 1696 1662 nominis
1726 1631 1815 1662 illesa

165 1690 197 1716 et
234 1686 440 1716 immaculata
474 1689 662 1727 permaneat
697 1689 795 1726 tuque
829 1689 961 1726 propter
997 1685 1057 1716 hoc
1094 1686 1233 1716 divinam
1271 1690 1302 1716 et
1338 1685 1422 1715 sedis
1457 1683 1599 1724 predicte
1634 1683 1815 1713 uberiorem

163 1737 289 1778 assequi
313 1738 449 1778 gratiam
474 1747 596 1777 nosque
620 1737 761 1778 reperire
787 1737 903 1777 iugiter
926 1738 1139 1778 promptiores
1163 1748 1258 1778 super
1281 1738 1341 1767 tuis
1361 1735 1629 1777 oportunitatibus
1652 1734 1815 1764 merearis.

119 1799 144 1819 ³0
271 1789 343 1819 Dat.
370 1788 441 1819 Kal.
467 1789 613 1829 Augusti,
639 1799 720 1819 anno
745 1788 998 1829 quartodecimo.

273 1857 317 1887 In
341 1867 369 1888 e.
394 1868 435 1887 m.
460 1856 595 1887 Iohanni
620 1857 691 1887 (luci
716 1857 895 1888 Brabancie

273 1908 316 1938 In
341 1918 367 1938 e.
393 1919 434 1938 m.
460 1907 633 1939 Guillelmo
658 1909 767 1939 comiti
792 1908 831 1939 de
859 1909 1022 1950 Arnsberg

274 1959 313 1990 In
338 1970 364 1991 e.
390 1970 430 1990 m.
455 1959 596 1991 Rudolfo
621 1960 729 1990 comiti
754 1959 793 1990 de
818 1960 936 1991 Monte.

374 2098 458 2133 SQQ.
498 2098 652 2134 Litterae
680 2100 727 2133 ad
756 2099 947 2142 Rupertum
976 2099 1125 2134 cmnitcm
1156 2098 1363 2132 Palatinum.
1469 2096 1556 2139 Aug).
1578 2095 1610 2128 3.

122 2181 148 2200 35
280 2171 376 2210 Copia
401 2174 453 2211 (c.)
479 2172 591 2202 ibidem
615 2174 685 2203 tom.
704 2171 800 2202 1151!
823 2171 965 2209 sol.17()‘
990 2183 1038 2203 ην.
1058 2173 1148 2203 1966.
1195 2171 1426 2210 Dese-ipsimae
1449 2178 1514 2200 ocos.
1543 2185 1584 2189 —
1613 2165 1815 2198 E‹1.Rie:ler

167 2222 188 2254 l.
207 2232 231 2254 c.
242 2232 276 2262 p.
294 2223 358 2252 477
379 2233 428 2253 nr.
447 2224 531 2254 1372
554 2233 590 2254 esc
608 2234 633 2254 c.
659 2224 870 2263 (decurtatum
872 2225 898 2261 ).

274 2307 419 2348 Roperto
444 2309 553 2339 comiti
578 2308 719 2350 palatino
743 2309 826 2340 Reni
851 2309 922 2340 duci
947 2309 1094 2340 Bavarie.

276 2358 461 2390 Nobilitatis
486 2363 540 2391 tue
565 2361 745 2401 recepimus
768 2361 913 2391 litteras³
931 2363 1040 2401 etque
1066 2370 1175 2391 earum
1197 2358 1359 2390 referebat
1375 2357 1483 2395 series,
1508 2354 1722 2386 intelleximus
1746 2352 1816 2382 dili-

168 2413 291 2451 genter.
339 2410 469 2442 Utinam
493 2411 536 2441 fili
561 2411 646 2442 facta
669 2414 725 2442 tua
752 2412 909 2442 nunciatis
938 2421 996 2452 per
1023 2411 1154 2442 easdem
1184 2411 1305 2441 litteras
1333 2408 1577 2449 responderent!
1623 2405 1688 2436 Sed
1719 2403 1817 2444 proch

123 2471 150 2489 40
169 2460 261 2491 dolor
282 2462 314 2491 in
338 2465 368 2492 te
393 2462 589 2493 verificatum
614 2462 750 2502 videtur,
775 2462 860 2503 quod
886 2463 926 2492 de
951 2461 1142 2503 quibusdam
1167 2461 1331 2502 apostolus
1356 2460 1443 2490 dicit:
1468 2455 1692 2490 ‘Confitentur'
1716 2455 1817 2495 inquit

168 2511 213 2542 ‘se
237 2523 330 2543 nosse
354 2513 469 2548 Deum,
493 2513 578 2544 facta
601 2517 708 2544 autem
733 2513 897 2554 negant‘4.
944 2513 1107 2552 Numquid
1136 2523 1197 2543 non
1229 2512 1272 2542 fili
1300 2512 1383 2542 illius
1407 2509 1541 2541 membri
1566 2507 1694 2538 diaboli.
1719 2506 1816 2536 hostis

169 2562 232 2593 Dei
256 2567 288 2594 et
311 2564 446 2595 ecclesie
476 2565 594 2595 inimici
625 2565 814 2596 ferocissimi
843 2565 982 2595 consiliis
1010 2564 1202 2597 assistendo*
1231 2574 1302 2594 cum
1333 2573 1370 2593 eo
1396 2561 1502 2592 divina
1533 2557 1704 2596 audiendo,
1736 2555 1816 2586 diffi-

170 2613 276 2645 dando
300 2615 445 2646 civitates
469 2619 500 2646 et
524 2617 736 2647 comunitates
760 2616 840 2646 alias
865 2616 969 2647 eidem
987 2615 1118 2646 obedire
1143 2626 1179 2646 ac
1203 2624 1317 2655 parere
1334 2614 1479 2644 nolentes
1504 2614 1621 2642 etcum
1646 2619 1683 2639 eo
1708 2618 1815 2638 comu-

170 2665 305 2696 nicando
334 2666 365 2696 in
394 2667 464 2697 aliis
488 2677 587 2707 negas
612 2666 712 2706 facto,
741 2678 802 2707 que
828 2677 882 2697 ore
906 2667 936 2696 in
960 2667 1022 2696 tuis
1052 2667 1166 2697 litteris
1194 2666 1373 2696 confiteris?
1412 2663 1569 2702 Recogita
1592 2660 1644 2694 fili,
1676 2659 1816 2698 recogita

128 2726 154 2744 45
176 2726 236 2756 que
261 2717 343 2757 patri
374 2720 427 2747 tuo
457 2717 570 2748 fecerit
600 2722 632 2748 et
656 2718 786 2748 attende
812 2727 874 2758 que
903 2717 1016 2748 fecerit
1041 2717 1107 2747 tibi.
1154 2716 1188 2747 Si
1218 2716 1371 2757 preterita
1401 2714 1441 2744 ad
1465 2712 1650 2743 memoriam
1675 2718 1815 2743 revoces,

274 2818 298 2848 l)
321 2817 419 2844 Matth.
434 2822 520 2850 2215.
608 2819 634 2849 2)
655 2818 745 2845 Ιενεηι.
758 2822 796 2849 31,
809 2823 847 2845 21.
935 2817 961 2843 3‘·
982 2817 1142 2850 Delam-ditae
1160 2820 1229 2842 sunt.
1318 2817 1343 2846 4)
1368 2816 1418 2841 Tit.
1434 2818 1454 2839 1.
1468 2816 1505 2838 16.
