2205 3025
355 110 453 137 ACTA
473 111 585 147 REGNI
604 111 786 138 LUDEWICI
806 112 852 138 IV.
871 112 916 138 ET
937 113 1118 140 FRIDERICI
1139 115 1185 140 111.
1223 114 1298 140 1329.
1336 113 1382 140 Nr.
1397 114 1455 141 569.
1469 115 1526 141 570.
1541 114 1598 140 571.
1612 114 1670 140 572.
1775 116 1836 146 473

191 197 293 236 ipsam
321 199 445 236 partem
470 200 609 227 vestram
638 197 845 229 consideratis
873 200 1024 239 predictis
1053 203 1084 230 et
1114 200 1197 232 aliis.
1229 210 1290 240 que
1322 199 1435 230 diffusa
1464 201 1544 230 serie
1574 200 1668 230 scribi
1697 203 1837 240 possent,

190 257 304 287 parare
329 257 366 277 ac
389 247 509 277 habere
535 247 708 288 dignemini
732 249 798 279 sine
823 260 924 287 mora,
950 256 982 281 ut
1006 261 1062 281 vos
1087 254 1119 281 et
1142 261 1198 281 nos
1224 251 1335 289 fortes7
1365 251 1507 291 previsos
1532 254 1563 281 et
1586 254 1716 290 paratos
1740 251 1837 281 etiam

190 298 370 339 insperatus
406 298 447 328 ad
482 299 640 329 cautelam
672 300 813 330 inveniat
841 302 943 331 omnis
972 312 1061 332 casus
1091 312 1127 332 ac
1158 302 1254 332 etiam
1286 302 1352 332 sine
1383 301 1534 332 dilatione
1564 301 1732 342 providere
1766 312 1838 332 cum

189 350 349 379 communi
373 349 528 388 Bonouie,
553 349 639 390 quod
663 351 764 390 ipsum
790 361 957 382 commune
982 363 1071 382 sunm
1097 353 1275 393 sapientem
1300 353 1404 383 mittat
1429 353 1511 383 omni
1537 352 1661 383 abiecta
1685 353 1838 393 temporis

159 410 170 428 ⁵
191 400 341 431 tarditate
365 411 422 441 pro
448 399 644 430 exaltatione
668 401 777 431 matris
802 402 946 433 ecclesie.

297 451 382 482 Data
405 451 579 490 Florentio,
604 451 654 481 die
679 451 770 481 VIII.
788 453 918 493 Aprilis,
944 454 1018 484 XII.
1043 454 1106 484 ind.

500 565 585 599 570.
622 565 777 600 Litterae
805 566 850 599 (ed
878 565 1042 600 civitatem
1070 565 1258 601 Senensem.
1365 567 1452 611 Apr.
1472 569 1529 601 14.

303 637 401 676 Copia
425 640 476 677 (c.)
508 638 618 669 ibidem
645 638 664 669 l.
687 650 711 670 c.
735 638 789 676 fol.
807 639 868 675 38¹,
899 639 950 669 nbi
974 639 1118 669 rubrum.-
1147 639 1198 669 Ad
1223 639 1389 670 Senenses.
1429 659 1468 662 —
1508 640 1604 671 Dedit
1628 642 1742 672 Fieloer
1773 642 1791 673 l.
1809 653 1837 673 e.

184 699 220 728 1).
239 690 301 720 120¹
324 700 372 722 ην.
388 689 453 719 :343
476 700 513 720 esc
536 699 561 720 c.
608 690 687 720 Item
712 690 887 728 repetimus.

147 783 173 802 10
299 774 467 806 Communi
492 774 657 805 Senarnm.

300 825 468 856 Habemus
495 835 553 866 per
580 825 702 856 litteras
733 826 851 856 domini
875 826 1090 857 Beltramonis
1120 826 1158 856 de
1183 827 1297 857 Bantio
1327 827 1358 856 in
1388 830 1472 857 terra
1497 827 1602 858 Sancti
1629 828 1768 859 Miniatis
1798 829 1838 860 de

192 876 302 908 auditu
332 880 364 908 et
392 887 449 917 per
472 880 596 907 nostros
626 877 753 908 nuntios
776 877 956 918 fidedignos
984 878 1023 908 de
1053 878 1180 908 civitate
1205 877 1351 908 Pisarum
1375 879 1539 909 venientes
1571 879 1610 909 de
1639 880 1722 917 visu„
1753 880 1839 921 quod

189 929 334 959 Bavarns
358 928 409 959 die
426 928 538 959 Martis
554 929 707 969 preterita
731 930 876 969 proxime
902 939 957 959 ora
981 929 1070 969 quasi
1094 929 1189 959 tertia
1206 929 1338 959 recessit
1354 939 1424 959 cum
1442 930 1505 959 suis
1523 930 1669 969 gentibus
1687 933 1718 961 et
1734 941 1834 961 uxore

191 980 230 1011 de
254 980 323 1020 ipsa
348 980 475 1010 civitate
502 978 646 1010 pisarum
673 983 704 1009 et
728 980 814 1020 quod
839 990 910 1010 eum
935 981 1050 1010 iturum
1076 990 1184 1010 versus
1208 979 1384 1010 Bononiam
1411 984 1442 1010 et
1459 980 1686 1012 Lombardiam
1711 982 1837 1021 publice

147 1039 171 1057 15
191 1031 367 1062 dicebatur.
413 1031 455 1061 Et
478 1031 550 1062 ideo
576 1041 647 1061 cum
671 1030 711 1061 de
729 1032 856 1061 civitate
874 1031 1018 1062 Bononie
1043 1032 1081 1061 sit
1106 1042 1123 1061 a
1147 1031 1344 1071 sapientibus
1368 1031 1583 1072 cogitandum
1608 1032 1838 1063 fraternitatem

191 1086 330 1113 vestram
355 1082 530 1113 affectuose
555 1093 720 1122 1'ogamns‚
746 1086 902 1123 qnatenus
934 1083 1050 1113 milites
1074 1086 1196 1113 vestros
1219 1093 1275 1112 vos
1304 1082 1342 1112 de
1373 1083 1461 1112 tallia
1493 1083 1711 1123 contingentes
1735 1083 1839 1114 velitis

192 1134 233 1165 ad
257 1134 419 1165 civitatem
435 1134 598 1165 Florentio
616 1135 743 1165 mittere
768 1135 834 1165 sine
859 1145 947 1165 mora
965 1134 1165 1175 presentibus
1182 1134 1352 1164 intellectis
1369 1144 1425 1174 pro
1443 1133 1629 1164 defensione
1648 1137 1679 1164 et
1696 1135 1839 1165 custodia

192 1186 367 1216 amicorum
392 1190 424 1216 et
446 1186 627 1216 resistentia
650 1186 789 1216 hostium
814 1185 1041 1226 predictorum.
1095 1184 1161 1215 Nos
1190 1186 1273 1215 enim
1306 1189 1430 1215 nostros
1454 1184 1610 1214 habemus
1638 1188 1669 1214 et
1694 1188 1839 1216 tenemus

194 1240 324 1277 paratos
348 1237 388 1267 ad
413 1237 519 1267 omnia
542 1240 708 1278 oportuna.

150 1295 175 1314 20
300 1288 385 1319 Data
409 1287 582 1328 Florentie,
608 1288 659 1318 die
684 1288 793 1319 XIIII.
812 1289 928 1318 mensis
953 1288 1081 1328 Aprilis,
1106 1287 1181 1318 XII.
1199 1287 1262 1318 ind.

234 1411 319 1446 571.
361 1410 516 1445 Litterae
544 1411 589 1445 ml
616 1410 779 1444 Murcum
808 1410 1038 1444 Vieeeomitane
1069 1411 1282 1454 ‹stipitasnee‹ne
1312 1413 1340 1443 el
1369 1408 1596 1444 coneestszhilsss
1626 1409 1802 1444 §boemos

740 1471 848 1504 sandi
879 1470 1029 1512 Geomii.
1136 1471 1222 1514 Apr.
1243 1472 1303 1504 330.

304 1544 401 1582 Copia
426 1546 477 1583 (e.)
505 1544 615 1575 ibidem
645 1544 664 1575 Z.
681 1554 705 1576 c,
735 1544 788 1581 sol.
808 1546 857 1575 ³0.
895 1563 932 1566 —
971 1543 1066 1574 Dedit
1091 1544 1203 1574 Fici-er
1235 1543 1252 1573 Ῑ.
1271 1554 1294 1574 c.
1322 1554 1355 1582 p.
1375 1544 1437 1573 120
1464 1553 1512 1573 nr.
1530 1544 1594 1572 :246
1621 1553 1658 1573 ea)
1682 1554 1707 1574 c.
1764 1543 1842 1573 [fem

192 1596 370 1634 repetimus.

150 1673 174 1692 25
300 1664 478 1705 Magnificis
503 1668 534 1695 et
558 1664 716 1695 nobilibus
733 1665 807 1695 viris
828 1664 964 1695 dominis
980 1665 1087 1695 Marco
1113 1664 1152 1694 de
1170 1663 1422 1694 Vicecomitibus
1443 1663 1482 1693 de
1499 1663 1681 1693 Mediolano
1707 1662 1841 1692 militum

194 1716 363 1746 Societatis
380 1715 480 1745 sancti
498 1715 630 1756 Georgii
648 1717 815 1756 capitaneo
833 1716 975 1756 generali
994 1719 1025 1746 et
1042 1714 1289 1745 conestabilibus
1307 1713 1477 1745 Societatis
1495 1714 1637 1744 eiusdem
1720 1714 1842 1754 priores

193 1767 308 1797 artium
334 1770 366 1797 et
389 1766 548 1797 vexillifer
572 1767 690 1797 iustitie
715 1768 850 1797 civitatis
876 1767 1037 1797 Florentio
1126 1770 1334 1805 angmentum
1359 1766 1432 1795 boni
1458 1766 1487 1794 in
1512 1766 1656 1805 inceptis.

300 1817 482 1858 Religiosus
512 1822 544 1847 et
572 1818 699 1858 sapiens
728 1818 774 1847 vir
807 1818 905 1848 frater
934 1818 1094 1847 Iohannes
1124 1816 1293 1846 Boldronis
1323 1816 1441 1846 ordinis
1469 1815 1708 1845 Heremitarunl
1740 1815 1840 1844 sancti

193 1870 361 1910 Augustini
386 1869 512 1909 placida
537 1870 619 1899 inter
635 1873 759 1899 nostros
777 1879 876 1909 opera
893 1869 967 1899 fidei
986 1870 1081 1898 etiam
1107 1879 1164 1908 per
1181 1878 1235 1898 vos
1253 1867 1374 1897 exibita
1399 1868 1429 1896 in
1448 1865 1696 1897 exaltationibus
1712 1865 1840 1895 honoris

149 1932 174 1951 30
194 1924 301 1951 sancte
326 1921 436 1950 matris
460 1920 595 1951 ecclesie
620 1921 716 1951 etiam
742 1924 773 1951 et
797 1920 935 1950 fidelium
962 1924 993 1950 et
1018 1920 1204 1950 devotorum
1229 1920 1327 1959 ipsius
1352 1922 1461 1949 eontra
1485 1919 1657 1948 dannatum
1680 1918 1839 1947 Bavarum

193 1975 225 2002 et
248 1982 402 2012 sequaces
426 1982 499 2001 suos
522 1973 553 2002 in
578 1972 669 2002 factis
686 1972 822 2002 Lucanis
847 1975 879 2002 et
902 1972 1099 2012 propositum
1117 1975 1255 2001 vestrum
1280 1969 1419 2000 fiendum
1444 1970 1473 1999 in
1499 1969 1568 1999 aliis
1592 1969 1676 1999 clare
1701 1979 1737 1998 ac
1761 1967 1840 1998 fide-

194 2023 266 2053 liter
295 2022 386 2053 nobis
419 2023 577 2062 exposuit.
634 2023 669 2053 In
700 2023 814 2063 quibus
842 2023 1111 2063 magnificentiam
1140 2026 1280 2052 vestram
1314 2024 1466 2061 quantum
1502 2030 1667 2060 possumus
1699 2019 1738 2049 ad
1766 2029 1839 2059 pro-

193 2073 390 2115 sequendum
414 2074 540 2114 incepta
565 2073 722 2104 solicitum
747 2073 934 2115 1·ed[d]i1nus
959 2078 991 2104 et
1015 2077 1155 2104 ortamur
1178 2083 1236 2103 nec
1261 2072 1300 2103 de
1324 2072 1421 2113 ipsius
1450 2071 1555 2101 fratris
1579 2071 1728 2101 Iohannis
1752 2080 1842 2100 mora

193 2125 365 2165 miremini,
401 2126 550 2165 quoniam
589 2135 647 2165 per
682 2136 738 2155 nos
772 2124 862 2155 vobis
896 2135 954 2165 per
988 2126 1175 2165 scripturam
1211 2127 1389 2154 nostrorum
1422 2122 1596 2163 sigillorum
1632 2121 1839 2162 impressione

150 2189 173 2208 35
193 2177 313 2207 munita
337 2180 493 2207 conventa
517 2177 729 2207 effectualiter
753 2180 785 2207 et
809 2177 982 2207 efficaciter
1006 2180 1164 2217 ponuntur
1187 2177 1217 2205 in
1243 2175 1352 2205 ordine
1378 2178 1408 2204 et
1432 2173 1545 2214 quibus
1569 2174 1630 2203 cito
1654 2173 1762 2203 veniet
1785 2182 1839 2202 ex-

193 2227 333 2268 peditus,
358 2228 446 2258 sicud
471 2229 538 2268 ipse
563 2227 653 2258 vobis
677 2228 797 2259 referre
822 2228 940 2269 poterit
964 2228 1035 2258 viva
1059 2237 1147 2258 voce.
1196 2226 1238 2256 Et
1266 2227 1291 2256 si
1315 2226 1421 2266 aliqua
1445 2235 1526 2255 nova
1551 2224 1589 2254 de
1616 2225 1741 2254 inimico
1766 2222 1838 2253 fidei

194 2279 319 2309 Bavero
343 2279 394 2309 vel
418 2279 457 2310 de
481 2279 641 2320 aliquibus
664 2290 719 2309 vos
742 2279 862 2310 habere
887 2280 1060 2319 contingat.
1085 2289 1123 2309 ea
1145 2278 1236 2308 nobis
1260 2278 1387 2318 placeat
1411 2277 1567 2308 intimare.

300 2331 385 2362 Data
408 2330 581 2368 Florentie,
607 2331 657 2361 die
682 2331 753 2361 XX.
773 2332 890 2361 mensis
914 2330 1043 2370 Aprilis,
1068 2329 1143 2360 XII.
1162 2330 1223 2359 ind.

272 2451 358 2486 572.
398 2451 554 2486 Litterae
581 2453 627 2485 «d
654 2453 805 2486 ens-{tates
834 2452 1038 2486 Perusiam
1066 2454 1095 2485 et
1122 2450 1302 2484 Sewfensam,
1325 2449 1474 2493 priores.
1581 2447 1668 2489 Apr.
1685 2446 1747 2479 24.

151 2540 176 2558 40
305 2525 402 2564 Copia
426 2526 479 2565 (c.)
507 2526 620 2556 ibidem
649 2525 667 2556 l.
685 2537 709 2556 c.
733 2525 792 2565 fol.
810 2526 859 2562 41,
890 2525 944 2556 ubi
969 2525 1115 2555 rubrum:
1150 2523 1202 2554 Ad
1226 2523 1408 2553 Perusinos.
1445 2539 1483 2543 —
1516 2519 1612 2549 Dedit
1634 2517 1748 2548 Fc'cluer
1775 2516 1792 2546 l.
1812 2527 1836 2546 c.

188 2585 222 2613 p.
241 2575 303 2605 129
326 2587 374 2607 ur.
391 2577 454 2607 *249
477 2588 515 2608 ex
537 2588 563 2608 c.
610 2577 690 2607 Item
715 2577 893 2616 repetimus.

300 2653 445 2684 Dominis
469 2653 692 2694 regiminibus,
721 2653 866 2689 consilio,
896 2653 1016 2693 populo
1045 2659 1076 2682 et
1107 2652 1264 2681 communi
1298 2649 1432 2680 civitatis
1461 2647 1599 2677 Perusii.
1629 2645 1776 2675 fratribus
1806 2647 1836 2672 et

194 2703 304 2733 amicis
328 2704 503 2735 karissimis
590 2715 647 2744 pro
672 2708 762 2744 parte
789 2704 880 2734 offitii
905 2707 937 2734 et
961 2703 1145 2733 communis.

296 2771 334 2788 LL.
349 2771 573 2788 CONSTITUTIONES
587 2771 623 2787 VI.
1598 2754 1630 2779 60

1850 936 1903 961 Apr.
1918 937 1948 957 11.
