2205 3025
614 178 708 205 ACTA
728 178 842 205 REGNI
861 177 1045 204 LUDEWICI
1064 178 1110 204 IV.
1148 177 1223 204 1330.
1260 177 1307 203 Nr.
1322 177 1379 203 737.
1400 177 1458 203 738.
1801 180 1861 210 627

212 264 289 307 gfite
319 265 524 306 gewonheitb
553 265 618 295 und
645 264 828 303 handfeste,
861 264 901 295 de
930 264 975 295 sie
1004 264 1081 294 hant
1107 274 1168 294 von
1199 263 1342 303 ksmigen
1373 262 1450 293 oder
1473 273 1533 293 von
1558 263 1716 304 keyseren
1747 270 1863 295 unsel-⁰

210 327 367 347 vorvaren
390 316 455 347 und
479 317 526 346 alz
550 317 596 346 sie
620 315 669 347 biz
693 316 750 346 har
773 316 855 346 sient
877 326 1029 355 gesessen
1051 326 1091 346 an
1115 315 1177 346 alle
1201 314 1351 356 geverde.
1399 313 1472 344 Und
1500 315 1541 344 ist
1565 314 1624 345 och
1649 315 1707 345 daz
1735 316 1781 346 sie
1806 315 1863 346 dar

210 366 248 397 zfi
274 367 314 398 de
341 367 454 398 keiner
476 367 561 398 hand
586 366 662 407 ding
686 366 764 397 oder
787 366 882 397 sache
906 366 1066 405 vordernt,
1091 366 1130 397 de
1154 367 1185 396 in
1209 366 1273 396 und
1297 366 1343 396 ire
1369 368 1464 396 stette
1489 364 1546 406 gfit
1570 366 1652 396 sient
1674 366 1739 397 und
1763 367 1862 398 erlich

211 417 249 449 zfi
278 419 346 449 iren
377 418 486 449 althen
514 418 627 449 rethen
660 417 698 448 zfi
729 417 963 458 bestetegunde
992 417 1056 448 und
1090 418 1121 448 in
1154 418 1180 448 ir
1214 417 1300 448 althe
1331 417 1432 448 briefe
1463 417 1562 448 durch
1590 418 1616 447 ir
1644 417 1799 449 nothdurt'
1827 430 1863 450 ze

181 481 192 499 5
212 469 377 504 setzende,
407 469 447 500 do
472 469 610 510 geloben
633 469 690 499 wir
713 470 757 500 sie
780 468 819 499 zfi
842 468 880 500 21⁰1
904 469 1078 500 furder-und
1106 479 1212 510 gegen
1242 478 1357 499 unsern
1381 468 1458 499 hern
1487 468 1561 499 dem
1585 468 1715 510 keyser,
1744 480 1778 500 so
1806 470 1863 500 wir

210 521 301 551 beste
324 521 456 561 mogem
481 520 539 551 daz
563 530 598 550 er
620 521 652 550 in
675 520 716 551 de
741 520 846 561 gnade
870 519 919 559 tfi,
944 520 994 551 bie
1019 519 1118 561 gfiten
1143 521 1264 551 trnwen
1292 530 1332 550 an
1360 519 1422 550 alle
1446 520 1596 560 geverde.
1707 520 1780 551 Und
1805 520 1862 552 dez

208 570 247 602 21⁰1
271 572 333 602 eim
358 581 463 602 waren
487 571 633 603 urkunde
657 572 762 613 geben
786 572 842 602 wir
864 572 896 602 in
920 572 1009 602 disen
1034 571 1120 603 breif
1139 573 1196 602 mit
1218 581 1313 602 unser
1336 572 1492 612 ingesigel
1516 571 1663 612 besigelt.

318 622 386 653 Der
408 626 488 653 wart
504 622 608 663 geben
633 623 672 653 do
696 634 770 654 man
794 623 857 653 zalt
880 633 941 653 von
966 622 1107 654 Cristezd
1131 623 1247 663 geburt
1271 622 1570 654 (lri'izehenhnndert
1590 623 1642 663 jar
1666 623 1781 664 driszig
1801 625 1862 664 jar,

214 683 254 703 an
279 673 352 704 (lem
376 673 578 714 Dimrestage
602 674 683 704 nach
708 674 805 710 Quasi
828 674 924 704 modo
949 675 1058 715 geniti.

168 895 193 914 ¹⁰
315 890 390 925 738.
424 889 718 926 ABSOLUTIO
744 889 1081 981 PRESBYgffRI
1105 889 1315 925 ROMANI
1342 889 1453 926 CUM
1478 888 1759 926 LUDEWICO

925 946 950 979 S
1014 944 1150 980 ¹IATI.

878 1013 985 1048 1330.
1026 1012 1117 1057 Apr.
1139 1012 1198 1048 021.

320 1103 568 1134 Inslrumcntzcm
585 1104 704 1134 notaria·
721 1104 792 1144 (or.)
811 1104 843 1134 in
859 1103 1015 1134 tabulario
1037 1103 1189 1134 Vaticano
1206 1103 1436 1134 ‘Instrumenta
1454 1102 1662 1133 miscellanea’
1679 1092 1762 1141 calis.
1776 1102 1865 1134 XVI

210 1164 259 1184 ur.
278 1155 298 1183 9
329 1155 497 1193 sigmatum.
531 1172 573 1175 —
600 1154 660 1185 Ed.
685 1154 727 1185 H.
755 1154 823 1186 Otto
854 1154 916 1186 loco
944 1165 1042 1194 snpra
1072 1154 1114 1185 ad
1145 1165 1192 1186 nr.
1211 1156 1250 1184 62
1280 1155 1374 1185 citato
1400 1153 1496 1191 XIV,
1520 1155 1583 1184 233
1614 1164 1661 1184 nr.
1681 1155 1720 1184 11
1749 1164 1787 1185 ea:
1817 1165 1862 1186 or.

168 1212 191 1231 1⁵
209 1204 388 1236 Editionem
412 1206 606 1246 repetimus&

321 1260 368 1299 Cf.
386 1263 476 1292 nolas
499 1260 560 1292 loco
583 1261 678 1292 ςιῗίαίο
701 1261 850 1293 adiectas.

316 1338 352 1368 In
377 1339 504 1369 nomine
527 1338 657 1369 Domini
681 1348 784 1369 amen.

317 1390 409 1420 Anno
437 1390 611 1420 nativitatis
639 1390 781 1420 eiusdem
810 1389 978 1420 millesimo
1003 1389 1227 1420 trecentesimo
1254 1387 1470 1430 [tricesimo]³,
1495 1387 1667 1418 indictione
1692 1387 1785 1425 XIII,
1811 1388 1862 1420 dic

208 1442 357 1472 vicesimo
381 1442 483 1482 primo
507 1442 624 1472 mensis
640 1442 771 1482 Aprilis,
796 1441 1024 1482 pontfificatus)
1048 1440 1168 1470 domini
1192 1439 1341 1470 Iohannis
1367 1449 1452 1479 pape
1471 1438 1580 1469 XXII.
1597 1449 1679 1469 anno
1696 1439 1806 1480 XIIII7
1830 1440 1861 1471 in

165 1501 191 1521 20
208 1493 369 1534 presentia
393 1493 455 1523 mei
480 1493 594 1523 notarii
618 1496 650 1523 et
674 1493 802 1523 testium
826 1492 1075 1533 subscriptorum
1107 1491 1147 1522 ad
1171 1491 1230 1522 hec
1255 1491 1437 1532 specialiter
1461 1494 1645 1521 vocatorum
1677 1495 1708 1521 et
1732 1495 1861 1533 rogato-

208 1554 287 1578 rum,
312 1544 343 1574 in
367 1543 499 1574 basilica
522 1543 638 1575 Sancte
662 1544 763 1575 Marie
781 1544 909 1574 Maioris
934 1543 973 1574 de
990 1543 1078 1574 Urbe
1103 1544 1133 1572 in
1158 1544 1324 1573 missarum
1341 1541 1539 1582 sollempniis
1563 1541 1646 1572 lecta
1670 1543 1806 1582 epistola
1830 1547 1862 1574 et

209 1598 336 1626 cantato
361 1595 528 1635 evangelio
552 1599 584 1625 et
607 1596 761 1635 premisso
785 1605 932 1625 sermone
957 1598 989 1625 et
1012 1594 1097 1625 facta
1120 1593 1337 1634 medicatione
1362 1594 1393 1623 in
1410 1593 1533 1634 vulgari
1558 1603 1576 1623 a
1594 1593 1769 1624 venerabili
1794 1594 1860 1625 viro

209 1646 387 1687 presbitero
405 1646 574 1677 Francisco
598 1649 723 1677 rectore
748 1647 883 1678 ecclesie
901 1646 1007 1676 Sancti
1025 1645 1186 1676 Leonardi
1211 1645 1250 1675 sle
1268 1644 1405 1682 Blancis7
1430 1644 1578 1674 universo
1604 1643 1721 1684 populo
1747 1646 1861 1676 utrius-

210 1708 271 1738 que
301 1708 396 1729 sexus
422 1697 542 1728 ibidem
573 1703 783 1738 congregato.
815 1697 974 1738 presbiter
1003 1697 1157 1727 Martinus
1184 1699 1290 1726 rector
1321 1695 1455 1726 ecclesie
1481 1694 1669 1725 Sanctorum
1694 1693 1798 1736 Sergii
1830 1699 1862 1727 et

166 1760 190 1778 25
209 1749 310 1780 Bachi
335 1749 373 1779 de
391 1748 514 1779 Sebura
535 1749 712 1780 ascendens
735 1750 765 1779 in
790 1749 890 1779 altum
915 1749 945 1778 in
970 1748 1050 1783 1000,
1075 1748 1105 1777 in
1131 1757 1193 1787 quo
1218 1746 1320 1777 (lictus
1345 1745 1527 1786 predicator
1544 1746 1665 1776 fecerat
1681 1756 1861 1777 sermonem

210 1810 310 1839 suum,
332 1800 398 1831 alta
414 1810 491 1831 voce
509 1800 658 1831 clamavit
675 1803 708 1831 et
724 1800 817 1830 dixit:
925 1798 1068 1829 ‘Domini
1085 1802 1118 1829 et
1135 1798 1262 1828 domine
1282 1797 1433 1828 mulieres
1450 1797 1573 1834 scitote,
1591 1796 1676 1837 quod
1695 1807 1755 1837 ego
1771 1807 1860 1837 pres-

210 1852 293 1882 biter
316 1851 360 1882 fui
383 1861 463 1881 unus
487 1851 527 1882 de
546 1851 699 1882 tredecim
717 1851 828 1881 electis
851 1861 870 1880 a
886 1850 970 1880 clero
987 1849 1083 1880 Urbis
1107 1859 1163 1889 pro
1188 1848 1321 1889 pacifico
1346 1851 1430 1878 statu
1455 1848 1530 1878 cleri
1555 1850 1587 1878 et
1603 1848 1643 1877 ad
1660 1847 1861 1878 liberandum

211 1903 331 1933 clerum
356 1901 452 1932 Urbis
476 1902 516 1933 de
541 1913 637 1933 manu
660 1903 792 1933 heretici
817 1901 949 1932 Marsilii
974 1900 1093 1932 dictum
1124 1900 1243 1930 clerum
1267 1899 1416 1930 imaniter
1445 1898 1629 1939 affligentis⁷
1662 1909 1724 1929 non
1754 1902 1860 1930 tamen

210 1964 262 1986 me
287 1954 443 1984 immiscui
467 1954 615 1984 electioni
638 1952 841 1984 heresiarche
859 1952 948 1983 Petri
965 1952 1004 1983 de
1023 1951 1176 1982 Cor-baria
1192 1951 1353 1991 antipape.
1388 1950 1511 1980 Verum
1532 1953 1579 1980 est
1600 1949 1685 1990 quod
1706 1948 1860 1992 pro[pter]

168 2015 194 2034 30
212 2004 360 2046 metu[m]
385 2004 480 2035 michi
505 2008 537 2035 et
559 2005 638 2035 meis
662 2007 694 2034 et
717 2005 748 2034 in
773 2004 862 2034 bonis
886 2004 966 2034 meis
989 2003 1112 2034 illatum
1137 2002 1323 2043 prevalente
1348 2002 1379 2032 in
1402 2000 1489 2032 Urbe
1513 2001 1669 2031 tirannide
1695 2000 1858 2041 dampnati

316 2099 378 2125 73?-
407 2098 432 2131 b)
451 2108 465 2124 o
483 2108 558 2131 super
578 2107 599 2122 w
618 2099 712 2129 scripta
731 2107 767 2124 or.
856 2098 878 2129 ⁴2)
898 2098 932 2122 ita
951 2107 988 2123 or.
1077 2096 1101 2127 d)
1121 2097 1199 2128 Crist3
1218 2105 1255 2121 or.

317 2150 381 2176 738.
410 2151 432 2181 a)
452 2151 543 2175 excidit
561 2159 597 2176 ον.

317 2219 342 2251 1)
360 2218 569 2243 Instrumeutzmz
588 2219 709 2242 nostrum.
724 2216 887 2249 praecedunt
905 2216 981 2241 haee.-
1012 2216 1042 2241 In
1061 2214 1172 2241 nomine
1192 2213 1301 2240 Domini
1322 2222 1412 2239 amen.

315 2261 394 2286 Anno
418 2259 578 2286 nativitatis
605 2259 726 2285 eiusdem
750 2259 897 2285 millesimo
920 2258 1114 2285 trecantesimo
1137 2257 1292 2287 tricesimo,
1318 2256 1414 2282 indict.
1436 2255 1513 2287 XIII,
1543 2255 1587 2281 die
1608 2255 1724 2282 Sabbati
1749 2258 1858 2289 quarto·
1873 2264 1968 2290 Armi-1.

171 2311 194 2330 35
214 2303 320 2330 decimo
340 2302 442 2329 mensis
461 2302 576 2336 Aprilis,
596 2302 776 2336 pontificatus
795 2301 898 2327 domini
918 2301 1049 2328 Iohannis
1068 2309 1140 2334 pape
1159 2299 1246 2326 XXII.
1266 2308 1339 2325 anno
1361 2298 1454 2329 XIIII,
1474 2298 1502 2324 in
1523 2298 1664 2332 presentia
1683 2298 1736 2325 mei
1758 2299 1861 2325 notarii

215 2349 243 2373 et
267 2346 379 2372 testium
403 2345 620 2379 subscriptorum
644 2345 679 2371 ad
701 2345 751 2371 hec
776 2344 937 2378 specialiter
961 2347 1121 2371 vocatorum
1147 2345 1176 2369 et
1198 2344 1366 2376 rogatorum.
1440 2341 1576 2368 Noverint
1599 2341 1719 2367 universi
1747 2350 1859 2375 presens

213 2388 355 2422 publicum
375 2389 587 2414 instrumentum
607 2387 767 2420 inspecturi,
786 2387 859 2420 quod
878 2387 1016 2421 presbiter
1034 2386 1170 2413 Martinus
1188 2388 1278 2412 rector
1297 2385 1413 2411 ecclesie
1435 2385 1598 2411 Sanctorum
1617 2383 1706 2417 Sergii
1725 2386 1753 2410 et
1771 2384 1858 2410 Bachi

215 2431 248 2457 de
268 2430 371 2456 Sebura
390 2431 423 2456 de
442 2430 518 2456 curia
535 2430 659 2456 Romana
677 2431 818 2456 revertens
837 2429 978 2463 applicuit
991 2430 1114 2460 Romam,
1132 2428 1295 2455 mandatum
1314 2427 1366 2454 sibi
1388 2427 1493 2454 factum
1513 2426 1682 2452 auctoritate
1702 2426 1858 2459 apostolica.

214 2482 230 2499 a
249 2473 405 2499 reverendis
423 2473 550 2506 patribus
574 2472 685 2499 domino
704 2472 833 2499 Aniballo
852 2472 930 2499 tituli
950 2472 1045 2498 Sancti
1072 2470 1254 2504 [Laurentina
1272 2470 1302 2496 in
1321 2470 1428 2496 Lucina
1453 2469 1618 2503 [presbitero
1643 2468 1812 2501 cardinalilss
1831 2470 1859 2494 et

171 2523 196 2540 40
215 2516 324 2542 domino
338 2515 473 2542 Gasberto
487 2515 643 2542 Arelatensi
657 2515 867 2549 archiepiscopo
887 2515 991 2541 domini
1009 2523 1083 2549 pape
1102 2514 1253 2541 camerario
1272 2516 1304 2540 ut
1324 2513 1483 2540 obedientie
1502 2512 1575 2538 filius
1593 2511 1740 2537 intendens
1760 2511 1858 2544 exequi

214 2560 379 2588 reverenter,
399 2560 481 2592 prout
501 2558 529 2584 in
548 2558 730 2584 absolutionis
750 2558 854 2584 licteris
874 2557 962 2591 ipsius
980 2557 1128 2591 presbiteri
1146 2556 1262 2583 Martini
1281 2556 1362 2590 plene
1383 2555 1486 2582 dicitur
1507 2554 1651 2581 contineri.

317 2601 417 2626 Actum
430 2600 516 2627 Rome
530 2601 605 2634 apud
617 2601 746 2627 Sanctam
760 2601 877 2627 Mariam
891 2601 1024 2627 Maiorem
1040 2609 1120 2631 anno,
1140 2600 1183 2626 die
1203 2602 1231 2626 et
1246 2599 1342 2625 indict.
1357 2597 1506 2632 premissis.
1542 2596 1718 2623 Presentibus
1731 2595 1857 2621 discretis

214 2643 280 2669 viris
298 2643 459 2677 presbiteris
478 2644 585 2677 Angelo
604 2645 709 2670 rectore
729 2643 823 2670 Sancti
842 2643 1006 2675 Adrianelli,
1027 2643 1148 2670 Iohanne
1168 2641 1320 2669 Processoli
1339 2640 1505 2668 beneficiato
1525 2640 1626 2665 Sancte
1640 2638 1726 2664 Marie
1746 2636 1859 2662 Maioris

215 2685 352 2719 predicte,
379 2685 464 2712 Cecco
490 2688 518 2712 et
541 2686 616 2712 Lello
640 2686 759 2712 Matthei
780 2685 892 2713 Padulis
915 2688 944 2713 et
969 2685 1142 2718 Laur<entio)
1161 2685 1273 2711 Nicolai
1293 2683 1367 2710 Cerri
1392 2683 1513 2710 testibus
1540 2682 1574 2707 ad
1600 2680 1732 2714 premissa
1752 2678 1858 2706 vocatis

171 2738 195 2756 45
217 2730 245 2754 et
264 2728 378 2762 rogatis,

315 2779 340 2811 ³)
372 2781 444 2805 uncis
462 2781 563 2805 inclusa
581 2781 727 2806 exciderunt
746 2789 783 2806 or.

1605 2824 1652 2850 w*
