2205 3025
159 719 185 738 10

157 975 180 994 15

154 1233 179 1252 ‘20

153 1489 178 1509 25

153 1746 178 1765 ³0

153 2002 177 2021 35

151 2264 176 2282 40

150 2554 174 2572 45

649 157 744 184 ACTA
765 157 877 184 REGNI
897 157 1081 185 LUDEWICI
1100 158 1147 185 IV.
1185 158 1259 186 1330.
1297 159 1343 186 Nr.
1357 160 1415 187 673.
1797 166 1855 195 571

205 244 339 275 scientia
363 247 395 275 et
418 243 458 275 de
482 243 681 285 plenitudine
698 244 867 285 potestatis
883 245 1057 285 imperialis
1073 246 1277 277 concedimus
1295 250 1326 277 et
1344 246 1520 278 liberaliter
1538 248 1750 290 indulgemus
1786 249 1859 281 Non

206 294 406 326 obstantibus
429 295 555 335 legibus
579 295 690 336 positis
713 296 745 326 in
769 306 901 336 corpore
926 296 1171 327 Autenticorum
1194 296 1322 338 ‘quibus
1345 297 1449 328 modis
1472 300 1633 330 naturales
1658 301 1860 333 efficiunturx

205 347 262 377 sui'
288 348 306 386 ξ
330 346 476 387 fi(nali)²‚
507 350 539 377 et
562 347 735 378 Autentica
763 357 824 388 que
848 347 959 388 incipit
985 347 1072 379 ‘licet
1102 348 1198 388 patri'
1228 349 1258 379 in
1287 349 1349 379 fine
1386 350 1489 390 posita
1522 350 1556 381 C.
1588 351 1627 382 (10
1660 353 1859 384 naturalibus

204 398 314 429 liberis
330 408 427 439 super
442 399 516 439 lege
529 397 777 429 ’111111101111011ἐ2
795 401 827 429 ct
840 398 874 429 O.
893 398 932 429 de
950 399 1078 430 incestis
1095 400 1212 440 nuptiis
1228 400 1329 441 Hegel
1343 400 1379 430 ‘si
1397 401 1467 441 quis
1483 401 1627 433 incesti‘3
1640 407 1672 434 et
1685 404 1858 435 Autentica

204 450 232 481 ‘e
250 449 453 491 complexu’4
475 460 572 491 super
594 451 663 491 ipsa
686 450 757 491 lege
782 451 907 490 signata
931 454 964 481 et
986 451 1056 482 aliis
1073 451 1209 492 legibus,
1234 452 1514 483 consuetudinibus
1539 457 1570 484 et
1587 456 1712 485 statutis
1728 455 1857 496 quibus-

204 512 355 543 cumque,
380 512 441 542 que
466 504 576 532 contra
599 501 781 532 huiusmodi
805 505 946 533 nostram
971 503 1209 533 concessionem
1234 507 1364 543 possent
1394 503 1476 534 obici
1500 505 1550 536 vel
1578 506 1711 546 opponi,
1742 506 1858 547 quibus

204 553 352 584 omnibus
375 554 406 583 in
429 553 490 583 hoc
507 563 582 584 casu
607 563 647 583 ex
664 555 751 584 certa
767 553 899 584 scientia
923 556 956 584 et
979 553 1019 584 de
1036 554 1212 594 imperialis
1229 554 1428 595 plenitudine
1446 557 1635 596 potestatisy
1653 557 1856 598 derogamus

312 607 339 635 2.
362 604 498 645 Insuper
513 604 603 635 vobis
621 608 653 635 et
669 604 799 635 cuilibet
814 607 956 635 vestrum
972 610 1028 636 acz
1051 606 1164 636 vestris
1189 609 1221 636 et
1245 606 1495 648 cuiuscumque-²
1518 610 1659 638 vestrum
1684 608 1857 640 heredibus

203 660 235 688 et
260 655 495 687 successoribus
518 666 577 696 per
599 656 715 686 lineam
740 655 948 687 masculinam
973 656 1116 697 legitime
1142 657 1411 688 descendentibus
1435 658 1655 695 concedimus,
1680 660 1766 700 quod
1789 661 1858 691 sitis

204 709 288 739 cives
312 707 516 738 honorabiles
545 707 715 738 cuiuslibet
741 708 877 738 civitatis
900 707 995 738 Italie
1023 707 1115 739 liberi
1143 708 1184 740 ab
1215 708 1363 739 omnibus
1393 709 1579 747 honeribus,
1610 711 1801 742 factionibus
1825 715 1857 742 et

202 759 423 790 exactionibus
447 758 601 797 civilibus,
626 758 856 799 personalibus,
881 759 1168 799 patrimonialibus,
1192 760 1351 790 realibusb
1369 765 1468 802 atque
1485 762 1602 801 mixtis,
1627 774 1646 793 a
1663 762 1777 803 quibus
1800 773 1856 794 vos

200 811 371 842 eximimus
394 814 491 851 atque
515 813 684 851 exemptos
708 810 776 841 fore
800 810 1001 841 decernimus
1025 821 1065 841 ex
1082 814 1170 842 certa
1194 812 1326 842 scientia
1350 815 1382 842 et
1407 812 1446 843 de
1464 813 1640 853 imperialis
1657 813 1855 854 plenitudine

200 863 384 903 potestatis,
415 862 514 903 l(ege)
543 860 708 892 ‘vacuatis
737 861 772 892 C.
798 861 856 892 deb
889 861 1114 894 decurionibus
1144 863 1225 893 libro
1257 863 1404 894 decimo⁵
1436 874 1507 894 eum
1536 864 1689 895 similibus
1725 868 1757 896 et
1785 866 1856 896 aliis

200 914 335 955 legibus,
365 913 513 944 statutisb
534 916 582 944 etc
606 913 889 944 consuetudinibus
913 913 1165 955 quibuscumque
1190 925 1252 945 11011
1277 915 1488 951 obstantibus,
1514 916 1628 956 quibus
1652 917 1757 957 quoad
1781 927 1854 958 pre-

200 968 323 996 sentem
347 964 585 996 concessionem
603 964 748 995 volumus
772 964 929 1005 derogari,
955 959 1124 1006 q‘uodque‘l
1142 976 1198 1006 per
1222 969 1322 997 totam
1340 966 1467 997 Italiam
1493 977 1613 1005 creare,
1639 968 1755 1007 facere,
1779 978 1855 999 con-

200 1017 333 1047 stituere
365 1019 397 1046 et
427 1015 575 1047 ordinare
600 1015 721 1046 iudices
745 1015 936 1056 ordinarios,
969 1017 1082 1048 missos
1112 1018 1246 1058 regiose,
1281 1017 1471 1049 tabelliones
1501 1022 1534 1049 et
1563 1020 1704 1050 notarios
1733 1019 1857 1051 faceref

199 1067 344 1107 valeatis,
369 1067 456 1098 salvo
482 1067 566 1108 quod
591 1066 675 1097 dicta
700 1067 806 1098 officia
830 1068 861 1098 111
886 1068 1080 1107 civitatibus,
1107 1069 1247 1107 casti-isg,
1272 1069 1354 1099 villis
1379 1072 1411 1100 et
1435 1069 1526 1107 locis,
1551 1071 1581 1100 in
1607 1070 1720 1111 quibus
1744 1081 1854 1112 perso-

199 1119 315 1150 naliter
343 1129 400 1149 nos
430 1128 501 1149 esse
532 1119 736 1159 contingerit,
767 1118 869 1150 donee
905 1124 1069 1160 presentes
1099 1120 1268 1159 fuerimus,
1303 1120 1410 1151 facere
1441 1122 1507 1152 sive
1539 1132 1692 1153 exercere
1723 1123 1853 1153 minime

198 1170 342 1202 valeatis

307 1223 334 1252 3.
359 1221 515 1251 Preterea
531 1220 622 1251 vobis
647 1224 678 1251 et
695 1221 827 1253 cuilibet
843 1226 984 1253 vestrum
1001 1223 1178 1264 vestrisque
1196 1226 1228 1254 et
1245 1223 1414 1254 cuiuslibet
1431 1224 1590 1254 vestrumh
1615 1224 1767 1265 legitimis
1784 1236 1854 1256 suc-

199 1272 392 1303 cessoribusi
422 1271 640 1312 concedimus,
677 1273 762 1313 quod
793 1274 823 1303 in
853 1274 1035 1304 civitatibus
1059 1274 1211 1315 Bel-gomi
1245 1278 1276 1305 et
1300 1275 1410 1304 Brixie
1445 1285 1619 1316 carumque
1648 1271 1853 1317 districtibus,

198 1323 431 1363 comitatibusk,
457 1323 637 1354 diocesibus
661 1324 728 1354 sitis
752 1325 872 1356 iudices
897 1325 1047 1356 ordinarii
1072 1329 1104 1356 et
1127 1325 1291 1357 auditores
1315 1326 1484 1366 generales
1508 1327 1634 1368 imperii
1659 1328 1688 1358 in
1707 1327 1854 1358 omnibus

198 1375 355 1406 civilibus¹
387 1376 489 1406 causis
518 1379 550 1406 et
580 1376 800 1416 questionibus
828 1377 1080 1418 appellationum
1116 1381 1149 1408 01
1178 1377 1359 1408 1101111010οι
1389 1378 1647 1419 interpositarum
1676 1389 1732 1409 seu
1756 1380 1853 1409 inter-

198 1427 417 1468 ponendarum
441 1437 460 1458 a
484 1427 739 1468 quibuscumque
763 1429 930 1459 sententiis
953 1439 1010 1469 per
1027 1439 1245 1470 quoscumque
1270 1429 1392 1460 iudices
1417 1429 1595 1460 ordinarios
1612 1430 1661 1460 vel
1686 1430 1853 1471 delegatos

197 1479 228 1509 in
251 1478 329 1519 ipsis
352 1479 547 1517 civitatibus,
572 1479 753 1510 diocesibus
776 1480 842 1510 sive
867 1480 1063 1511 districtibus
1086 1481 1246 1521 prolatis¹²¹
1283 1485 1315 1511 et
1346 1481 1377 1511 in
1406 1484 1569 1521 posterum
1600 1482 1852 1522 promulgandis,

196 1531 241 1561 ita
264 1530 348 1571 quod
372 1530 412 1561 ab
438 1530 596 1561 0n1nibus¹
619 1531 785 1562 sententiis
809 1531 881 1562 latis
904 1542 961 1562 seu
985 1532 1126 1563 ferendis
1153 1533 1184 1563 in
1212 1533 1308 1573 ipsis¹¹
1333 1533 1543 1571 civitatibus⁴',
1568 1533 1753 1564 diocesibus
1786 1534 1852 1565 sive

197 1581 411 1612 districtibusp
434 1592 492 1622 per
515 1592 732 1624 quascumque
757 1583 919 1623 personas,
944 1584 1170 1625 cuiuscumque
1195 1584 1397 1623 conditionis,
1422 1584 1586 1625 dignitatis
1610 1585 1660 1615 vel
1685 1586 1853 1625 potestatis

197 1633 387 1673 existerent,
416 1633 458 1664 ad
484 1643 540 1664 vos
564 1637 597 1664 et
620 1634 797 1675 quemlibet
824 1637 975 1674 vestrum,
1006 1635 1144 1667 heredes
1174 1640 1206 1666 et
1233 1647 1435 1667 successores
1466 1641 1589 1667 vestros
1621 1640 1653 1667 et
1682 1636 1853 1668 cuiuslibet

196 1688 358 1716 vestrumq
382 1685 483 1716 libere
513 1685 637 1716 valeatr
660 1686 846 1726 appellari⁸,
879 1688 1047 1727 provocari
1077 1690 1109 1717 et
1138 1688 1326 1728 supplicari,
1356 1688 1524 1728 ipsasquet
1552 1688 1727 1718 sententias
1751 1688 1852 1718 nullas

197 1735 259 1766 (lici
282 1746 402 1777 vosque
426 1735 466 1767 de
490 1737 566 1777 ipsis
590 1737 693 1767 causis
717 1738 968 1778 appellationum
978 1743 1001 1777 ¹¹,
1026 1739 1295 1778 supplicationum
1319 1742 1351 1769 et
1374 1739 1555 1769 nullitatum
1581 1739 1708 1780 possitis
1732 1750 1851 1780 eogno-

197 1797 285 1818 scere
310 1791 341 1818 et
366 1787 512 1819 diffinire.
549 1788 620 1819 Non
645 1788 844 1819 obstantibus
868 1789 1121 1830 quibuscumque
1138 1790 1324 1830 privilegiis,
1350 1790 1604 1820 immunitatibus
1622 1794 1654 1821 et
1671 1791 1851 1821 eoncessio-

197 1839 290 1870 nibus
314 1839 503 1880 spetialibus
526 1840 577 1870 vel
601 1840 805 1880 generalibus
829 1851 848 1870 a
876 1841 967 1871 nobis
990 1841 1041 1871 vel
1066 1841 1349 1882 predecessoribus
1374 1842 1488 1872 nostris
1513 1841 1672 1882 aliquibus
1696 1842 1850 1882 personis,

196 1891 488 1929 communitatibus,
513 1891 658 1932 collegiis
681 1896 735 1922 aut
758 1892 1019 1922 universitatibus
1043 1893 1202 1923 concessis
1226 1892 1277 1923 vel
1300 1893 1330 1923 in
1355 1896 1518 1933 posterum
1543 1892 1767 1932 concedendis,
1792 1893 1851 1923 nisi

196 1941 236 1972 de
260 1941 339 1972 hocV
363 1941 485 1972 indulto
510 1942 575 1973 sive
600 1942 767 1983 privilegio
796 1943 971 1984 specialem
999 1943 1039 1974 de
1063 1943 1161 1974 verbo
1185 1943 1225 1974 ad
1251 1943 1384 1975 verbum
1413 1943 1558 1974 facerent
1582 1945 1793 1983 mentionem,
1819 1947 1852 1975 et

197 1993 450 2034 quibuscumque
474 1994 610 2033 statutis,
634 1994 927 2034 consuetudinibus
952 1995 1267 2035 reformationibusw,
1299 1995 1529 2026 ordinanientis
1560 1998 1592 2026 et
1617 1995 1850 2035 provisionibus

196 2044 338 2084 ipsarum
374 2045 658 2076 communitatumx
686 2045 757 2076 vely
785 2045 918 2076 alicuius
951 2056 1060 2077 earum
1093 2046 1187 2077 editis
1215 2047 1267 2077 vel
1299 2047 1432 2077 edendis
1460 2057 1521 2077 11011
1556 2046 1756 2078 obstantibus
1785 2046 1849 2078 ullo

196 2095 303 2135 modo,
328 2095 442 2136 quibus
466 2106 507 2127 ex
531 2099 619 2127 certa
643 2097 793 2127 scientiaz
817 2097 857 2127 de
882 2097 1058 2138 imperialis
1083 2099 1251 2138 potestatis
1280 2098 1479 2139 plenitudine
1505 2098 1710 2139 derogamus,

303 2149 331 2177 4.
355 2147 511 2179 Preterea
533 2148 694 2187 nolumus,
726 2148 811 2189 quod
835 2149 943 2189 aliqua
968 2159 1118 2191 persona,
1144 2150 1392 2190 cuiuscumquea
1417 2150 1622 2188 conditionis,
1647 2149 1769 2180 statusb
1793 2152 1849 2180 aut

195 2198 360 2240 dignitatis
385 2199 511 2239 existat,
535 2199 565 2229 in
588 2200 716 2231 civitate
741 2203 773 2231 01
796 2199 916 2231 diocesi
934 2201 1096 2241 Bergomi⁷
1122 2211 1192 2232 cum
1216 2201 1336 2232 ibidem
1360 2212 1417 2232 vos
1441 2201 1494 2232 vel
1517 2201 1616 2232 alter-⁰
1639 2204 1780 2232 vestrum
1797 2201 1848 2232 vel

195 2250 293 2291 aliqui
307 2249 467 2281 vestrumd
484 2249 621 2282 heredes
637 2254 803 2292 presentes
820 2251 952 2289 fueritis,
970 2253 1070 2293 possit
1087 2262 1197 2284 creare
1213 2253 1280 2283 sive
1300 2252 1406 2284 facere
1422 2253 1563 2283 notarios
1576 2253 1642 2283 sive
1657 2252 1849 2283 tabelliones

196 2305 251 2332 aut
276 2301 397 2333 iudices
422 2301 598 2333 ordinarios
626 2313 684 2334 nec
714 2303 894 2344 legitimare
919 2314 1082 2344 personas,
1106 2304 1182 2334 nisie
1200 2314 1296 2345 super
1320 2304 1381 2335 hoc
1405 2315 1423 2335 a
1447 2303 1539 2335 nobis
1564 2304 1766 2344 privilegium
1791 2303 1847 2334 ob-

297 2421 363 2449 673.
382 2423 407 2454 x)
417 2423 562 2448 efficiantur
571 2422 595 2448 3.
661 2422 686 2455 Y)
699 2425 896 2456 imperatorie
909 2425 1086 2449 maiestatis
1099 2425 1256 2457 plenitudine
1266 2424 1290 2450 3.
1357 2425 1378 2455 2)
1392 2429 1417 2450 et
1428 2424 1452 2449 3.
1525 2425 1549 2449 ³)
1563 2424 1617 2448 loco
1628 2428 1652 2449 et
1662 2425 1848 2455 cuiuscumque

193 2464 209 2489 3
224 2475 229 2490 z
245 2466 372 2490 omnibus.
442 2465 467 2497 ι3)
486 2466 554 2491 deest
574 2466 595 2491 1.
610 2466 634 2491 2.
705 2467 728 2497 c)
747 2475 776 2491 ac
794 2466 818 2491 3.
894 2466 918 2497 d)
938 2469 1001 2492 Item
1020 2468 1088 2500 quod
1106 2467 1130 2492 3.
1207 2468 1229 2499 e)
1248 2469 1316 2500 regis
1337 2467 1358 2492 l.
1373 2466 1396 2492 2,
1467 2466 1486 2497 s)
1507 2467 1585 2492 libere
1606 2467 1627 2491 1.
1642 2466 1665 2491 2.
1749 2466 1774 2495 13)
1793 2467 1847 2490 sive

193 2508 254 2533 add.
272 2506 296 2533 3.
402 2507 428 2539 h)
453 2509 761 2540 vestrisque—vestrum
785 2510 836 2534 des.
859 2509 881 2535 1.
895 2509 918 2535 2.
1025 2510 1042 2541 i)
1067 2511 1181 2543 legitimo
1209 2511 1351 2536 successori
1376 2510 1396 2535 1.
1414 2509 1438 2535 ’2.
1544 2508 1570 2539 ¹³)
1598 2509 1799 2534 comunitatibus
1822 2507 1846 2532 3.

194 2549 212 2582 ¹)
232 2554 256 2575 et
274 2551 385 2582 singulis
404 2551 466 2576 add.
480 2549 503 2576 3.
604 2552 636 2579 ¹²³)
655 2553 822 2584 promulgatis
835 2551 859 2577 3.
960 2553 984 2583 n)
1004 2553 1123 2585 predictis
1140 2552 1163 2578 3,
1263 2553 1287 2585 ⁰)
1306 2558 1331 2578 et
1350 2554 1411 2578 add,
1426 2553 1449 2578 3.
1556 2558 1580 2579 Ρ)
1600 2553 1653 2576 ¹sive
1672 2552 1742 2575 distr·
1758 2551 1808 2575 des·
1822 2549 1845 2574 3·

193 2592 218 2623 ⁴³)
238 2593 386 2618 heredes—
398 2597 512 2618 vestrum
530 2593 582 2618 des.
595 2593 619 2619 3.
724 2594 745 2625 ¹')
765 2595 868 2619 valeant
888 2595 909 2620 1.
924 2594 948 2620 2.
1054 2595 1074 2625 S)
1098 2596 1228 2628 appellare
1252 2602 1296 2621 etc.
1312 2596 1333 2620 1.
1348 2595 1370 2620 2.
1477 2596 1496 2624 t)
1522 2596 1591 2627 ipsas
1611 2594 1633 2619 1.
1649 2593 1672 2619 2.
1778 2593 1802 2622 u)
1821 2596 1846 2616 et

193 2635 254 2660 add.
270 2635 290 2660 1.
305 2634 329 2660 2.
428 2636 452 2666 V)
472 2637 526 2661 iure
545 2636 569 2661 3.
668 2637 698 2667 w)
717 2638 934 2662 reservationibus
952 2637 976 2663 3.
1082 2639 1107 2667 1ἰ)
1131 2639 1263 2664 civitatum
1282 2638 1306 2664 3.
1413 2638 1439 2669 y)
1465 2642 1512 2662 aut
1531 2636 1555 2662 3.
1656 2641 1677 2663 7’)
1701 2640 1726 2660 et
1746 2635 1806 2659 “dcl-
1823 2634 1844 2659 l·

193 2678 216 2708 Β)
236 2678 351 2702 cuiusvis
372 2678 393 2703 1.
407 2677 430 2703 2.
531 2678 556 2710 b)
575 2679 641 2704 deest
661 2679 681 2704 1.
696 2679 720 2705 2.
817 2680 839 2712 ο)
859 2681 939 2712 aliqui
957 2680 981 2706 3.
1081 2680 1105 2711 d)
1125 2687 1267 2707 vestrorum
1288 2681 1312 2706 3.
1416 2683 1437 2712 e)
1458 2689 1504 2706 nee
1523 2680 1546 2705 3.

297 2763 322 2793 1)
343 2761 409 2788 Nov.
425 2764 516 2794 89‚15.
608 2763 635 2796 2)
656 2763 751 2794 eoem,
770 2767 810 2794 27,
823 2767 847 2791 8.
941 2765 968 2795 3)
991 2765 1050 2791 Ood.
1065 2769 1089 2797 5,
1108 2770 1130 2797 5,
1144 2770 1166 2791 6.
1259 2767 1286 2799 4)
1307 2765 1373 2792 Noc.
1387 2768 1426 2796 89,
1442 2768 1476 2790 15.
1570 2763 1596 2793 5)
1619 2761 1678 2787 CO‘Z·
1694 2765 1732 2794 10,
1750 2764 1788 2793 31,
1804 2764 1842 2786 19·

1589 2822 1636 2837 ⁸0⁴»-

1593 2831 1619 2847 da
