2205 3025
104 651 127 670 10

101 1059 124 1078 15

100 1380 126 1399 2⁰

100 1662 125 1680 25

99 1918 124 1936 30

382 93 477 119 ACTA
497 92 610 119 REGNI
630 92 813 120 LUDEWICI
833 93 879 119 IV.
899 93 944 119 ET
964 94 1148 121 FRIDERICI
1170 95 1218 121 III.
1256 95 1330 122 1:329.
1366 95 1413 122 ΝΥ.
1428 96 1486 122 669.
1505 97 1563 123 670.
1736 100 1798 129 565

146 190 208 221 que
233 179 447 217 concessione,
463 179 686 220 'concepcione
711 189 766 210 seu
791 181 997 221 expressione
1015 181 1195 221 verborum,
1220 182 1345 212 etiamsi
1370 182 1410 213 de
1435 183 1510 223 ipsis
1534 183 1682 224 specialis
1698 193 1736 214 ac
1759 183 1800 214 de

146 230 244 261 verbo
269 230 310 260 ad
334 230 467 261 verbum
492 231 574 262 foret
604 231 635 261 in
663 231 777 261 nostris
806 231 919 262 litteris
948 233 1068 262 mentio
1099 232 1259 271 facienda,
1292 245 1353 275 que
1383 234 1534 274 predictis
1565 235 1672 276 aliquo
1702 235 1798 265 modo

148 281 328 319 obviarent,
359 291 420 321 que
445 282 550 322 quoad
574 282 729 322 premissa
753 282 869 312 nullius
893 282 1038 313 obtinere
1063 283 1208 314 volumus
1232 283 1355 315 roboris
1382 286 1579 325 firmitatem,
1608 285 1729 316 eisdem
1759 295 1800 316 ex

148 335 235 364 certa
262 333 396 363 scientia
429 341 461 363 et
489 333 528 363 de
560 333 758 374 plenitudine
789 334 995 374 imperatorie
1024 336 1192 375 potcstatis
1219 337 1346 376 penitus
1371 336 1578 377 derogantem
1608 348 1669 378 que
1700 338 1798 368 etiam

146 388 258 415 tenore.
287 385 487 424 presencium
518 395 694 423 cassamUS,
726 385 900 424 irritamus,
933 386 1125 421 anullamus,
1160 397 1250 417 cassa
1279 390 1310 417 et
1339 388 1427 418 irrita
1457 398 1526 418 esse
1554 389 1700 419 volumus
1729 389 1798 429 ipso

146 437 240 467 facto.
308 435 394 466 Nulli
408 446 484 476 ergo
499 436 626 466 omnino
639 436 803 466 hominum
818 436 911 467 liceat
925 437 1005 468 hanc
1020 441 1126 469 nostre
1141 438 1336 478 eollaeionis,
1354 438 1548 478 donacionis,
1563 440 1797 470 ratificacionis.

145 487 402 528 approbacionis,
419 487 672 517 confirmacionis
689 490 721 517 et
738 488 950 518 concessionis
968 489 1118 529 paginam
1130 489 1302 530 infringere
1320 493 1375 520 aut
1392 491 1421 520 ei
1439 501 1515 521 auso
1534 491 1704 521 temerario
1723 501 1797 521 con-

146 539 252 569 traire.
300 538 335 568 Si
359 538 428 578 quis
452 541 559 568 autem
586 539 806 569 contravenire
831 540 1075 580 presumpserit,
1101 543 1209 580 preter
1232 540 1491 581 indignacionem
1517 545 1657 572 nostram
1682 552 1805 582 penam

146 592 273 620 centum
298 599 477 620 marcarum
501 589 569 619 auri
594 590 679 629 puri,
711 600 843 630 quarum
868 590 1075 622 medietatem
1100 592 1176 622 fisco
1208 591 1240 622 id
1272 596 1319 622 est
1347 596 1453 623 nostre
1479 593 1635 633 imperiali
1660 603 1797 625 camere,

146 641 303 682 reliquam
318 651 395 671 vero
419 640 566 671 iniuriam
591 651 684 681 passo
711 641 865 681 applicari
882 642 1038 682 volumus,
1062 643 1131 683 ipso
1156 643 1240 674 facto
1265 654 1298 674 se
1323 645 1447 675 noverit
1464 645 1672 675 incursurum.
1762 644 1798 674 In

144 693 232 723 cuius
260 692 306 722 rei
335 692 552 722 testimonium
577 695 743 732 presentes
767 693 920 724 conscribi
946 697 978 724 et
1002 698 1108 724 nostre
1133 695 1310 725 maiestatis
1334 695 1429 736 sigilli
1453 696 1626 726 munimine
1651 696 1797 726 iussimus

144 743 341 775 communiri.

250 795 368 826 Datum
394 794 548 834 Tridenti,
573 795 602 825 in
628 795 738 835 vigilia
762 795 936 825 nativitatis¹
960 795 1100 828 Domini.
1125 807 1207 827 anno
1226 796 1355 828 Domini
1380 797 1549 828 millesimo
1573 799 1798 829 trecentesimo

145 847 300 887 vigesimo
317 856 412 885 nono,
438 846 547 877 indict.
566 846 803 885 terciadecima,
829 847 918 887 regni
935 848 1033 877 nostri
1058 858 1140 878 anno
1158 848 1389 888 sextodecimo,
1414 849 1538 889 imperii
1555 860 1631 880 vero
1648 850 1798 880 secundo.

144 1047 217 1082 670.
251 1045 509 1082 IOHANNIS
526 1046 652 1081 XXII.
667 1046 840 1081 PAPAE
866 1047 1136 1084 LITTERAE
1158 1048 1285 1084 REGI
1311 1048 1577 1085 FRANCIAF,
1594 1049 1797 1086 MISSAE.

818 1115 922 1150 13029.
968 1116 1053 1151 Dec.
1079 1116 1134 1151 13.

237 1211 240 1214 '
255 1206 353 1244 Copia
368 1208 419 1245 (c.)
438 1206 471 1236 iu
487 1205 687 1245 Reyeslormn
711 1205 934 1236 Vatieauorzmz
959 1206 1112 1236 tabularii
1135 1207 1280 1237 Vaticani
1304 1211 1372 1238 tom.
1388 1208 1448 1238 115
1461 1208 1485 1226 'l
1494 1208 1550 1248 sol.
1565 1210 1626 1238 113
1641 1220 1690 1239 ur.
1705 1211 1797 1240 1623.

146 1257 346 1288 Contuliums
368 1256 415 1287 rel
437 1257 658 1296 descripsimus
680 1267 745 1287 nos.
780 1275 817 1279 -
847 1256 907 1287 I-j‘d.
927 1257 1050 1288 Biturlcr
1076 1257 1243 1289 ‘Vatia-an.
1260 1259 1373 1289 Alslcn'
1395 1270 1426 1298 21.
1443 1261 1506 1289 433
1529 1270 1576 1290 ier.
1597 1260 1679 1290 1:²30
1707 1271 1745 1290 ea:
1773 1273 1798 1291 c.

143 1309 381 1348 (decurtatum).

256 1368 306 1408 Cf.
323 1378 421 1408 snpra
444 1378 493 1399 nr.
511 1369 582 1399 650¹.

253 1445 367 1477 Eidem
392 1446 470 1487 regi.

252 1497 295 1528 Ut
320 1498 441 1538 regiam
467 1497 690 1528 celsitudinem
721 1508 781 1528 non
808 1498 929 1528 lateant
951 1499 1110 1529 novitates
1134 1509 1195 1539 que
1221 1499 1493 1539 inpresenciarum
1518 1504 1699 1538 occurrunt,
1724 1510 1798 1529 eece

145 1549 189 1579 fili
211 1549 373 1580 carissime
391 1549 486 1590 quod,
511 1552 605 1589 prout
630 1560 669 1580 cx
695 1549 808 1580 litteris
836 1549 888 1580 dil.
907 1550 948 1579 fil.
967 1551 1064 1580 nostri
1088 1550 1239 1580 Iohannis
1263 1550 1371 1580 Sancti
1395 1550 1557 1581 Theodori
1581 1551 1707 1582 diaconi
1731 1561 1799 1581 car-

145 1600 260 1630 dinalis
289 1601 464 1641 apostolice
494 1600 579 1631 sedis
608 1600 706 1640 legati
730 1600 853 1641 pridem
883 1604 1047 1641 gratanter
1075 1601 1271 1641 accepimus,
1297 1601 1517 1632 Viterbienses
1546 1604 1577 1632 et
1602 1602 1798 1633 Cornctanfll

146 1652 262 1682 omisso
288 1652 403 1682 erroris
428 1652 531 1691 devio,
556 1652 587 1682 in
612 1663 674 1693 quo
699 1652 896 1692 aliquamdiu
914 1653 1125 1691 ambularunt,
1151 1653 1191 1683 ad
1216 1653 1362 1683 semitam
1380 1654 1522 1684 veritatis
1547 1657 1579 1683 et
1596 1653 1799 1684 devotionem

144 1706 286 1734 nostram
310 1714 347 1734 ac
371 1703 518 1734 Romane
544 1703 679 1734 ecclesie
706 1704 892 1742 redeuntes,
921 1705 1024 1744 ipsum
1049 1708 1156 1735 nostro
1181 1705 1309 1735 nomine
1334 1704 1550 1735 exultantibus
1575 1705 1687 1735 animis
1711 1715 1799 1735 rece-

144 1759 269 1796 perunt,
307 1755 421 1785 nostris
451 1754 582 1785 obedire
616 1755 828 1795 beneplacitis
863 1755 1080 1796 promittendo
1114 1766 1151 1785 ac
1179 1756 1314 1786 civitatis
1338 1756 1574 1789 Viterbienl‘sis')
1609 1759 1641 1786 et
1669 1755 1799 1786 Corneti

144 1807 289 1846 regimen
313 1805 372 1836 sibi
397 1806 482 1837 dicto
506 1807 635 1836 nomine
660 1807 900 1837 committendo.
952 1806 1174 1837 Intelleximus
1203 1807 1299 1837 ctiam
1330 1811 1393 1837 tam
1419 1817 1459 1837 ex
1483 1807 1596 1837 litteris
1620 1817 1702 1837 nunc
1726 1818 1797 1847 pre-

144 1857 277 1888 sidentis
302 1858 422 1888 civitati
445 1857 620 1888 Tudertine
646 1868 740 1898 quam
765 1858 900 1888 aliorum
925 1857 1158 1898 fidedignorum
1183 1859 1325 1898 parcium
1351 1858 1539 1896 earundem,
1565 1858 1650 1899 quod
1675 1858 1797 1888 Tuder-

144 1909 200 1940 tini
225 1909 334 1949 iugum
359 1909 519 1939 servitutis
543 1908 600 1939 sub
626 1909 679 1939 illo
704 1909 847 1939 Iohanne
873 1908 979 1939 Siarre
1004 1910 1050 1939 eis
1074 1910 1200 1939 nomine
1225 1909 1328 1940 Belial
1352 1909 1407 1939 filii
1424 1909 1578 1940 Lndovici
1604 1910 1643 1940 de
1660 1910 1798 1939 Bavaria

143 1960 328 2001 presidente
355 1960 487 1990 sufferre
511 1960 649 2000 amplius
675 1970 738 1990 non
761 1960 915 1998 valentes,
942 1971 1014 1991 eum
1039 1971 1109 1991 cum
1135 1964 1231 2001 gente
1255 1971 1311 1991 sua
1340 1960 1379 1991 de
1411 1960 1524 1991 eadem
1550 1961 1678 1992 civitate
1706 1961 1797 2001 igno-

124 2012 277 2042 ·miniose
303 2015 338 2047 eh
359 2011 463 2042 viliter
487 2011 680 2052 expulerunt
703 2015 735 2041 et
759 2022 933 2052 speramiffi,
959 2012 1044 2053 quod
1068 2013 1128 2052 ipsi
1152 2023 1228 2042 sano
1254 2012 1339 2043 ducti
1361 2013 1492 2043 consilio
1516 2012 1555 2042 ad
1575 2012 1796 2043 obedienciam

99 2175 123 2194 :³5

98 2430 124 2448 40

144 2067 177 2094 et
201 2064 405 2094 devotionem
426 2066 564 2093 nostram
590 2066 621 2093 et
645 2062 728 2093 dicte
747 2063 883 2093 ecclesie
902 2063 1099 2094 remeabunt.
1149 2063 1299 2094 Ceterum
1324 2074 1421 2104 super
1437 2065 1642 2094 excusatione
1659 2063 1797 2104 benigna

143 2126 264 2151 eorum,
291 2125 353 2155 que
379 2114 432 2145 dil.
450 2115 492 2145 fil*
516 2114 694 2145 Arnaldum
718 2114 826 2145 Duesa
851 2115 1075 2146 vicecomitem
1101 2116 1293 2146 Caramanni
1324 2119 1476 2156 nepotem
1501 2119 1642 2146 nostrum
1667 2125 1796 2145 concer-

142 2166 261 2197 nebant
290 2167 414 2195 noviter
443 2166 534 2196 nobis
564 2167 695 2206 scripta,
729 2165 951 2197 benivolencia
976 2167 1064 2207 regia
1089 2170 1198 2197 teneat
1223 2178 1279 2208 pro
1305 2168 1476 2206 constanti,
1504 2178 1665 2207 nunquam
1690 2170 1796 2197 nostre

142 2218 329 2248 intentionis
358 2217 454 2247 fuisse
485 2228 542 2257 pro
568 2217 682 2247 codem
707 2218 894 2248 vicecomite
919 2218 969 2248 vel
994 2219 1105 2259 quovis
1130 2219 1193 2249 alio
1218 2220 1320 2259 ipsam
1344 2219 1458 2249 nostris
1482 2219 1613 2249 incitare
1638 2218 1797 2259 precibus,

142 2269 196 2299 ubi
220 2270 268 2299 ius
292 2268 455 2299 lederetur
471 2269 561 2299 tercii
581 2269 630 2299 vel
655 2268 797 2299 notabile
815 2269 1016 2309 dispendium
1036 2270 1137 2311 regali
1163 2270 1359 2301 excellencie
1385 2270 1574 2300 immineret.
1611 2269 1715 2310 Super
1735 2280 1797 2310 qua

143 2321 349 2352 excusatione
374 2325 405 2350 et
428 2320 599 2351 affectione
622 2320 775 2360 propicia,
801 2331 896 2361 quam
918 2321 959 2351 ad
980 2322 1083 2362 ipsum
1100 2324 1252 2362 nepotem
1269 2325 1410 2351 nostrum
1429 2321 1657 2352 sublimitatem
1675 2321 1796 2362 regiam

143 2382 256 2412 gerere
280 2372 371 2401 nobis
397 2371 479 2402 dicte
503 2372 608 2402 littere
635 2371 881 2412 descripserunt,
905 2372 965 2402 sibi
989 2373 1164 2413 gratiarum
1182 2373 1356 2403 referimus
1380 2372 1495 2403 uberes
1520 2373 1671 2403 actiones.

252 2423 325 2453 Dat,
351 2426 384 2453 ut
408 2424 533 2463 supra¹.

250 2491 290 2521 In
316 2501 342 2521 e.
368 2502 408 2521 m.
433 2491 576 2522 Iohanne
601 2492 710 2532 regine.
734 2491 878 2522 Francie.

246 2595 270 2624 1)
290 2592 349 2619 Son.
366 2592 532 2625 Avinion<e),
554 2592 592 2618 Id.
606 2592 774 2625 Decembris,
796 2602 867 2619 anno
887 2593 1104 2626 ‹zluartocleeiino.
