2205 3025
207 715 231 733 10

207 972 229 990 15

205 1485 229 1504 25

207 1743 232 1761 30

210 1997 233 2015 35

207 2254 233 2271 40

208 2509 232 2526 45

209 2780 234 2798 50

528 150 623 177 ACTA
642 150 755 177 REGNI
775 150 958 177 LUDEWICI
978 151 1024 177 IV.
1044 151 1089 177 ET
1110 151 1293 178 FRIDERICI
1313 152 1361 178 111.
1402 152 1476 178 1329.
1514 152 1560 177 Nr.
1575 152 1633 178 668.
1843 156 1904 185 563

361 236 543 278 Imperialis
571 237 761 268 diadematis
790 238 839 268 cui
864 238 969 269 divino
997 238 1170 269 munimine
1200 239 1400 279 presidemus
1430 238 1615 279 fastigiumb
1640 239 1804 281 dignitatis
1834 243 1906 273 illos

254 288 349 319 decet
372 288 520 329 specialis
542 289 765 330 prerogative⁰
781 290 884 330 gratia
908 291 1057 330 prosequi
1082 293 1114 320 et
1137 290 1268 329 honore,
1293 291 1322 320 in
1342 290 1455 330 quibus
1479 301 1512 322 se
1531 291 1632 322 credit
1647 292 1790 322 firmamd
1808 293 1905 324 fidem

253 343 286 370 et
310 339 514 371 devotionem
539 339 681 370 debitam
705 341 852 381 congruis
876 341 1074 382 temporibus
1098 342 1249 382 reperire.
1307 341 1400 372 Unde
1426 342 1548 373 fervorQ
1573 343 1752 374 devotionis
1782 345 1904 377 sincere

253 394 285 421 et
308 392 485 422 constantie
515 391 647 422 firmitas
674 392 874 429 inconcusse,
905 392 1019 433 quibus
1046 403 1102 423 vos
1136 393 1218 424 inter
1249 396 1375 424 ceteros
1409 393 1521 424 fideles
1553 394 1677 434 imperii
1714 396 1906 437 flagraneius

252 442 398 473 redolere
422 443 638 484 percepimuS,
664 443 735 473 noss
758 444 872 474 merito
896 443 1105 481 induxerunt,
1130 447 1164 474 ut
1188 455 1267 485 quos
1290 448 1397 475 noster
1421 445 1554 475 affectus
1578 446 1709 487 speciali
1733 448 1905 480 affectione

252 494 485 535 complectitur,
515 494 624 525 favore
648 495 816 535 singularis
840 495 1063 526 benevolentie
1088 506 1330 537 prosequamur.
1382 495 1425 526 Ut
1452 497 1549 538 igitur
1572 501 1714 528 nostrum
1739 500 1905 531 evidenter

253 546 452 587 cognoscatis
476 545 628 576 affectum
654 549 859 587 nostramque
889 546 1147 577 benevolentiam
1177 548 1321 578 sentiatis
1349 548 1379 577 in
1411 548 1518 589 aliquo
1549 548 1758 587 fructuosam,
1787 562 1843 582 vos
1873 556 1905 583 et

252 601 393 628 vestrum
429 598 606 638 quemlibet
639 602 824 639 vestrosque
864 598 1001 629 heredes
1038 610 1056 629 a
1093 599 1182 630 vobis
1218 599 1362 640 legitime
1402 599 1635 631 descendentes
1671 606 1837 642 presentes
1873 608 1906 635 et

250 652 396 690 posteros
420 652 453 679 et
476 659 526 679 res
549 652 671 679 vestras
695 660 713 680 a
738 651 857 680 cunctis
881 650 1044 687 oneribus,
1074 650 1257 681 muneribus
1283 651 1437 688 realibus,
1469 652 1689 692 personalibus
1712 654 1763 684 vel
1787 656 1904 697 mixtis,

251 700 400 741 angariis,
425 701 633 742 perangariis,
657 701 855 741 plaustrariis
879 704 943 732 tam
968 701 1134 732 ordinariis
1158 713 1253 743 quam
1279 702 1559 741 extraordinariis,
1585 703 1743 739 collectis,
1773 707 1903 746 extimo,

250 752 381 787 mutuis,
414 752 518 793 equis,
547 752 652 791 datiis,
685 753 835 793 gabellis,
864 753 1090 794 vectigalibnS,
1125 753 1298 793 theloneis,
1331 754 1488 785 custodiis
1523 755 1641 785 diurnis
1670 759 1701 786 et
1731 759 1904 798 nocturnis⁷

249 803 430 842 cavalcatis,
455 803 659 843 exercitibus,
684 803 921 843 refectionibus,
946 805 1210 844 prestationibus,
1243 805 1469 846 super-indictis
1494 810 1526 837 et
1554 806 1623 837 aliis
1652 807 1904 850 quibuscumque

249 854 398 885 oneribus
422 858 454 885 et
476 855 673 893 muneribus,
704 866 905 897 quocumque
932 857 1060 886 nomine
1086 856 1316 897 cense[a]ntnr,
1350 858 1508 898 impositis
1533 857 1584 888 vel
1615 859 1816 899 imponendis
1847 872 1905 902 per

251 915 419 936 commune
450 906 567 937 Parme
603 917 657 937 seu
692 907 780 937 aliud
815 917 983 938 commune
1019 907 1258 948 quodcumque,
1294 909 1462 948 vicarium,
1499 913 1671 948 rectorem,
1707 911 1904 955 officiale[m]

250 960 305 987 aut
339 957 433 988 aliam
464 968 633 998 personam
663 968 912 999 quamcumque,
946 959 1173 1000 cuiuscumque
1202 962 1316 995 status,
1353 960 1414 990 loci
1448 959 1524 1001 [vell
1557 962 1748 993 conditionis
1776 964 1903 1005 existat,

248 1008 403 1039 Romanis
438 1009 579 1049 legibue,
614 1009 860 1050 imperatoribus
890 1020 947 1040 seu
978 1011 1119 1050 ipsorum
1157 1011 1279 1041 nunciis
1315 1011 1508 1051 specialibus
1545 1012 1714 1044 dumtaxat
1750 1017 1903 1056 exceptis,

249 1061 428 1097 eximimus,
454 1060 637 1100 liberamus,
662 1060 900 1103 [absolvimus]g
919 1064 950 1092 et
974 1072 1013 1092 ex
1038 1065 1125 1092 certa
1147 1062 1280 1093 scientia
1297 1066 1408 1093 tenore
1426 1065 1622 1104 presentium
1647 1065 1765 1096 liberos
1789 1078 1807 1097 a
1831 1079 1903 1108 pre-

250 1111 340 1142 dictis
372 1112 498 1142 omnino
530 1123 599 1142 esse
630 1113 775 1143 volumus
803 1115 835 1143 et
864 1113 1030 1143 immunes.
1097 1113 1317 1153 I'reeipientes
1352 1114 1506 1145 universis
1536 1119 1568 1145 et
1598 1117 1730 1157 singulis
1762 1118 1903 1159 ducibus,

248 1163 495 1201 marchionibus,
520 1164 698 1201 comitibus,
724 1164 906 1203 baronibus,
923 1165 1058 1201 vicariis,
1076 1164 1263 1200 rectoribus,
1282 1166 1497 1205 potestatibus
1515 1168 1696 1208 ceterisque
1714 1169 1904 1201 officialibus

205 1228 216 1241 r,
249 1214 512 1255 quibuscumque,
537 1215 829 1249 communitatibus,
854 1215 1124 1254 universitatibus,
1149 1216 1293 1256 collegiis
1319 1220 1350 1246 et
1374 1217 1559 1257 specialiter
1583 1221 1756 1260 communi,
1783 1221 1903 1253 officia-

247 1266 331 1296 libus
355 1269 387 1297 et
409 1266 585 1297 rectoribus
609 1267 745 1297 civitatis
770 1266 887 1297 Parme
912 1270 944 1298 et
965 1267 1125 1298 districtus
1150 1267 1266 1297 favoris
1291 1271 1323 1298 et
1347 1269 1449 1307 gratie
1477 1272 1585 1300 nostre
1610 1270 1666 1300 sub
1692 1271 1838 1309 obtentu,
1865 1284 1903 1304 ne

248 1328 304 1347 vos
327 1321 381 1348 aut
404 1318 545 1358 aliquem
567 1322 705 1348 vestrum
731 1329 749 1348 a
773 1318 926 1359 vobisque
951 1319 1094 1358 legitime
1120 1318 1372 1349 descendentes'¹
1391 1323 1502 1350 contra
1527 1322 1682 1360 premissa
1698 1323 1748 1353 vel
1773 1324 1903 1365 aliquod

249 1370 475 1410 premissorum
500 1370 529 1400 in
555 1370 698 1410 personis
715 1370 765 1400 vel
789 1370 885 1400 rebus
909 1370 1028 1400 directe
1046 1370 1096 1401 vel
1120 1369 1285 1405 indirecte,
1310 1371 1437 1410 publice
1457 1372 1504 1402 vel
1528 1373 1651 1404 occulte
1675 1373 1782 1415 aliquo
1807 1376 1903 1407 modo

249 1431 306 1462 per
330 1432 374 1456 se,
398 1421 496 1452 alium
520 1422 570 1451 vel
595 1421 675 1452 alios
700 1421 879 1454 molestent.
906 1421 1083 1462 impediant
1106 1421 1156 1452 vel
1182 1421 1385 1462 perturbent,
1416 1423 1479 1453 imo
1505 1425 1610 1463 potius
1635 1435 1690 1455 vos
1715 1429 1904 1468 vestrosque

248 1473 385 1504 heredes
417 1474 447 1503 in
484 1473 635 1513 predictis
667 1474 782 1504 nostris
812 1474 922 1513 gratiis
953 1473 1137 1503 omnimode
1169 1476 1398 1504 manuteneant
1433 1478 1465 1504 et
1495 1475 1684 1512 defendant„
1717 1478 1741 1507 si
1773 1489 1903 1519 gravem

248 1527 387 1554 nostram
413 1524 555 1565 effugere
573 1525 730 1555 voluerint
746 1525 910 1555 ultionem.
958 1525 1112 1555 Volentes
1136 1528 1169 1555 ut
1186 1536 1296 1555 omnes
1314 1525 1479 1560 factiones,
1505 1527 1734 1567 impositiones,
1759 1529 1904 1569 collecte,

250 1575 361 1613 tallee,
387 1586 588 1617 quocumque
617 1577 744 1607 nomine
769 1579 971 1612 censeantur,
1001 1576 1090 1606 vobis
1120 1579 1175 1606 aut
1198 1579 1338 1607 vestrum
1366 1577 1498 1608 cuilibet
1522 1579 1699 1620 vestrisque
1732 1580 1905 1612 heredibus

248 1638 266 1657 a
290 1627 380 1657 vobis
403 1628 545 1667 legitime
571 1627 840 1658 descendentibus
864 1631 973 1658 eontra
998 1628 1152 1668 premissa
1176 1628 1227 1658 vel
1251 1628 1382 1668 aliquod
1408 1630 1635 1669 premissorum
1661 1631 1810 1671 imposito
1835 1634 1903 1673 ipso

248 1678 332 1708 facto
357 1679 418 1708 sint
440 1678 536 1714 nulle,
561 1689 660 1717 casse,
685 1679 772 1709 irrite
798 1683 829 1709 et
852 1680 962 1709 inanes
996 1682 1028 1708 et
1060 1690 1116 1719 per
1146 1679 1323 1719 quemlibet
1347 1681 1506 1710 notarium
1533 1682 1629 1711 etiam
1659 1682 1724 1713 sine
1755 1685 1905 1724 expensis

252 1729 504 1770 quibuscumque
528 1741 547 1760 a
570 1731 658 1761 libris
683 1741 738 1761 seu
763 1730 904 1767 cartulis,
933 1731 963 1760 in
989 1730 1103 1769 quibus
1129 1731 1230 1770 posite
1255 1734 1340 1765 sunt,
1366 1731 1488 1771 absque
1513 1732 1664 1763 mandato
1689 1734 1751 1764 alio
1778 1736 1903 1766 canzel-

252 1781 366 1819 lentur,
391 1781 558 1812 deleantur
582 1786 614 1812 et
638 1783 668 1812 in
686 1785 787 1812 totum
806 1782 931 1822 penitus
948 1782 1142 1812 auferantur.
1189 1781 1261 1812 Non
1280 1782 1479 1813 obstantibus
1498 1784 1751 1825 quibuscumque
1770 1785 1903 1826 legibus,

253 1832 387 1869 iuribus,
412 1833 706 1866 consuetudinibus,
732 1833 906 1873 privilegiis
930 1833 979 1862 vel
1004 1833 1129 1863 statutis
1154 1833 1356 1868 introductiS,
1389 1835 1547 1864 concessis
1571 1839 1625 1865 aut
1650 1836 1741 1866 factis
1766 1847 1823 1877 per
1846 1848 1904 1868 nos

252 1886 308 1914 aut
331 1883 575 1924 predecessores
599 1888 722 1914 nostros
740 1894 957 1924 quoscumque
983 1885 1141 1914 communi
1158 1884 1276 1914 Parme
1303 1895 1359 1915 seu
1383 1885 1476 1915 alteri
1501 1885 1647 1926 collegio,
1673 1889 1903 1928 communitati,

252 1936 448 1966 universitati
483 1940 537 1966 aut
572 1946 707 1975 persone
744 1936 931 1976 cuicumque
965 1940 996 1965 et
1031 1936 1213 1976 specialiter
1245 1936 1369 1976 legibus
1402 1936 1462 1966 illis
1494 1936 1563 1967 ‘nec
1599 1937 1817 1981 dampnos[a]³
1846 1939 1902 1982 [et]

253 1987 390 2028 ‘quoties
418 1987 599 2027 rescripta³1
630 1987 700 2017 etc.i
730 1990 761 2017 et
789 1987 982 2027 generaliter
1009 1987 1156 2017 omnibus
1184 1987 1308 2028 legibus
1337 1990 1368 2018 et
1399 1988 1531 2022 iuribus,
1562 2000 1619 2029 per
1647 2000 1709 2030 que
1741 1992 1904 2030 premissis

252 2039 303 2068 vel
332 2039 474 2078 ipsorum
501 2037 594 2068 alicui
624 2041 732 2078 posset
763 2038 972 2078 preiudicium
997 2039 1158 2078 generari,
1188 2048 1248 2079 que
1274 2039 1380 2079 quoad
1404 2040 1573 2079 premissa,
1604 2040 1725 2070 eisdem
1751 2051 1791 2071 ex
1816 2045 1904 2072 certa

252 2090 384 2120 seientia
409 2089 504 2119 etde
531 2088 727 2129 plenitudine
763 2089 969 2129 imperatorie
1003 2090 1171 2130 potestatis
1203 2090 1408 2131 derogantes,
1441 2090 1555 2121 nullius
1587 2091 1729 2122 obtinere
1759 2093 1903 2123 volumus

253 2140 375 2171 roboris
398 2140 592 2170 firmitatem.
681 2140 767 2170 Nulli
785 2151 861 2181 ergo
880 2141 1006 2171 omnino
1024 2141 1187 2171 hominum
1208 2141 1304 2172 liceat
1326 2141 1405 2172 hanc
1422 2146 1529 2173 nostre
1551 2144 1773 2183 concessionis,
1792 2155 1902 2175 exem-

252 2193 379 2232 ptionis,
405 2191 602 2222 liberationis
626 2191 677 2222 etk
695 2191 902 2222 absolutionis
926 2193 1077 2233 paginam
1100 2193 1274 2233 infringere
1299 2196 1353 2223 aut
1377 2194 1404 2223 ei
1431 2204 1509 2224 ausu
1537 2195 1708 2225 temerario
1733 2196 1901 2226 contraire.

253 2244 285 2274 Si
310 2244 378 2285 quis
402 2246 509 2274 autem
534 2243 594 2273 hoc
611 2246 803 2283 attemptare
822 2244 1060 2283 presumpserit,
1084 2247 1193 2284 preter
1217 2244 1468 2285 indignationem
1485 2248 1624 2275 nostram
1643 2256 1758 2286 penam
1776 2250 1902 2277 centum

251 2295 452 2326 marcharum
473 2295 541 2325 auri
564 2295 644 2335 puri,
670 2304 804 2335 quarum
820 2294 1030 2325 medietatem
1046 2295 1131 2333 fisco,
1157 2295 1189 2325 id
1213 2298 1261 2326 est
1285 2298 1391 2326 nostre
1408 2296 1567 2336 imperiali
1584 2307 1720 2334 camere,
1745 2298 1901 2338 reliquam

251 2357 327 2377 vero
351 2347 496 2377 iniuriam
521 2347 622 2387 passis
646 2346 799 2386 applicari
823 2346 967 2376 volumus
991 2347 1060 2386 ipso
1086 2346 1185 2382 facto,
1217 2357 1251 2377 se
1278 2348 1403 2377 noverit
1431 2347 1637 2379 incursurum.
1749 2349 1784 2379 In
1813 2350 1901 2379 cuius

251 2400 297 2429 rei
322 2399 538 2429 testimonium
564 2400 728 2437 presentes
752 2397 906 2427 conscribi
931 2401 962 2427 et
986 2400 1092 2428 nostre
1117 2398 1292 2428 maiestatis
1315 2398 1419 2439 sigillo
1444 2399 1591 2430 iussimus
1616 2401 1814 2432 communiri.

359 2449 478 2479 Datum
503 2449 630 2487 Parme,
655 2448 791 2488 septimo
817 2448 867 2478 die
892 2449 1008 2479 mensis
1024 2448 1222 2485 Decembris,
1247 2449 1304 2479 sub
1329 2460 1410 2480 anno
1429 2450 1558 2481 Domini
1582 2451 1751 2482 millesimo
1778 2455 1901 2482 trecen-

253 2501 366 2531 tesimo
391 2501 547 2540 vigesimo
570 2510 667 2535 nono,
696 2499 867 2530 indictione
896 2500 1130 2539 tertiadecima,
1162 2501 1252 2541 regni
1276 2502 1374 2531 nostri
1403 2512 1486 2532 anno
1511 2502 1744 2534 sextodecimo.
1778 2503 1901 2542 imperii

252 2563 326 2583 vero
351 2551 500 2582 secundo.

355 2627 420 2654 668.
448 2628 472 2655 b]
492 2629 585 2660 fastigii
605 2629 643 2653 ecl.
739 2631 761 2653 0>
780 2629 885 2660 speciali
905 2629 1065 2661 prerogativa
1077 2629 1115 2654 ecl.
1210 2628 1234 2660 (Ι)
1253 2637 1368 2654 serenam
1383 2629 1421 2653 ecl.
1514 2629 1535 2661 Θ)
1556 2631 1639 2654 seni-rr
1653 2630 1690 2654 ειῖ.
1788 2629 1805 2657 s)
1826 2630 1899 2653 uobis

251 2673 334 2696 afferri
358 2672 396 2696 ccl.
495 2673 519 2697 S)
543 2672 638 2695 lacuna
662 2672 687 2695 ἱη
710 2672 761 2699 ecl.;
785 2672 820 2695 ila
845 2672 900 2703 fere
924 2672 1094 2702 supplendam
1117 2680 1167 2696 esse
1190 2671 1304 2701 videtur,-
1325 2672 1357 2703 cf.
1377 2672 1421 2696 lin.
1435 2673 1474 2696 39.
1574 2672 1598 2697 h]
1623 2672 1833 2697 descendentibus
1861 2671 1899 2695 erl.

253 2713 270 2745 i)
290 2723 356 2746 sequ.
372 2715 467 2738 lacuna
486 2715 512 2738 in
531 2715 568 2739 ecl,
658 2713 684 2743 k)
704 2723 770 2746 sequ.
784 2715 948 2746 equitationis
967 2715 1006 2739 ed.

357 2774 381 2805 1)
404 2772 464 2799 Coa.
481 2778 501 2803 1,
518 2776 556 2804 19,
576 2776 591 2797 3
609 2775 632 2798 et
653 2776 675 2798 ⁶2.

1647 2815 1693 2840 71*
