2205 3025
473 146 568 189 ACTA
589 163 702 189 REGNI
721 163 904 190 LUDEWICI
923 164 970 191 IV.
990 165 1035 190 ET
1056 164 1239 191 FRIDERICI
1257 165 1306 190 III.
1346 165 1419 191 1329.
1456 165 1502 190 Nr.
1516 165 1575 192 587.
1783 169 1846 199 489

198 259 255 280 5011
278 247 495 289 singularibus
514 249 669 289 personis,
687 249 740 289 qui
763 249 813 280 vel
838 260 898 290 que
915 251 946 280 in
970 250 1030 281 hoc
1047 250 1187 290 presenti
1204 250 1288 281 facto
1313 251 1342 281 ei
1365 252 1465 281 Azoni
1483 252 1643 282 fautoresc
1662 253 1845 293 extiterant,

197 310 353 331 renovare
378 300 408 329 in
433 309 471 330 eo
496 302 607 329 tenore
632 300 712 329 sicut
736 300 821 339 prius
846 311 997 331 concessa
1021 304 1105 341 suut,
1130 302 1309 332 revocando
1334 312 1444 332 omues
1468 313 1649 343 processus,
1674 305 1847 335 sententias

199 354 232 381 et
255 351 538 391 pronuntiationes,
564 350 590 380 si
622 351 675 390 qui
705 351 754 380 vel
786 352 811 381 si
842 363 902 392 que
933 352 1009 382 facti
1033 353 1098 383 sive
1115 352 1200 383 facte
1225 356 1295 383 suut
1319 357 1428 384 contra
1452 355 1633 394 premisso&
1666 359 1697 385 et
1722 366 1847 386 exnunc

199 412 239 432 ex
264 405 350 432 certa
373 401 506 432 scientia
530 400 569 431 de
594 404 700 431 nostre
725 402 922 441 plenitudine
941 404 1109 443 potestatis
1126 403 1336 434 decernentes
1360 415 1414 435 eos
1439 405 1488 435 vel
1514 415 1568 436 eas
1593 406 1717 446 penitus
1741 407 1846 437 irritos

167 467 178 486 ⁵
199 456 232 484 et
255 454 360 483 irritas
383 456 480 493 atque
505 462 612 483 cassos
637 456 669 482 et
693 463 808 483 cassas.

306 515 334 542 2.
369 512 539 543 Secundo‘l
564 512 649 553 quod
677 516 750 552 post
781 523 941 544 recessum
970 517 1126 553 nostrum,
1151 524 1246 554 quein
1270 514 1404 545 fecimus
1433 526 1451 545 a
1476 516 1602 546 civitate
1628 519 1660 546 et
1695 517 1847 547 comitatu

199 564 384 603 Mediolani,
409 565 517 594 venire
542 575 603 595 nou
628 564 816 595 debebimus
846 576 903 596 uec
928 570 1040 606 gentes
1065 570 1204 596 armatas
1228 567 1355 597 mittere
1385 567 1414 596 in
1439 567 1541 606 ipsum
1567 567 1763 607 comitatum,
1787 568 1846 598 nisi

198 616 239 646 de
263 616 425 647 voluntate
451 619 483 646 et
506 615 709 656 beneplacito
734 616 809 646 dicti
834 617 951 647 Azouis
979 617 1011 647 id
1034 617 1198 658 procedat.

307 678 335 707 3.
371 676 454 706 Item
488 675 572 716 quod
604 679 713 705 contra
737 676 898 706 civitatem
924 676 1075 716 Bergami
1106 679 1160 706 aut
1184 677 1361 716 singulares
1391 687 1542 716 personas
1573 678 1669 718 ipsius
1699 687 1756 718 per
1790 688 1847 708 uos

156 738 180 756 10
197 730 253 758 aut
277 727 465 758 submissam
490 737 660 768 personam
683 737 745 757 nou
764 727 917 757 faciemus
940 737 999 757 nec
1015 727 1236 767 permittemus
1260 728 1326 757 fieri
1352 718 1491 768 aliquam
1509 729 1683 758 novitatem
1708 739 1763 768 pro
1789 728 1846 759 ali—

199 778 313 819 quibus
337 778 410 809 hiue
441 781 525 809 retro
550 779 696 809 occursis.
740 777 781 808 Et
806 777 891 818 quod
916 778 1033 808 dietam
1058 779 1219 809 civitatem
1244 779 1397 818 Bergami
1425 789 1461 809 ac
1484 782 1634 820 regentes
1667 790 1737 809 eam
1766 790 1848 809 1111110

200 830 424 870 permittemus
448 830 478 859 iu
503 840 541 860 eo
566 833 660 868 statu,
685 830 713 859 iu
740 840 801 870 quo
827 833 896 860 erat
920 833 993 860 aute
1018 831 1102 870 ipsas
1126 831 1295 867 novitates,
1320 830 1396 870 ipsis
1415 831 1641 861 exsistentibus
1665 832 1794 862 inantea
1810 832 1846 861 fi-

199 881 325 911 delibus
349 881 429 911 sacri
453 881 579 921 imperii
604 884 635 911 01
658 881 749 911 nobis
774 880 998 911 obedientibus
1023 881 1185 911 humiliter
1210 886 1241 911 et
1266 881 1389 912 devote.

307 943 336 970 4.
372 940 456 971 Item
481 941 567 981 quod
591 940 780 971 debebimus
805 940 991 971 confirmare
1017 944 1049 970 et
1073 941 1112 971 (10
1138 951 1219 971 novo
1244 941 1422 972 concedere
1447 941 1637 972 Rcbaldouo
1663 946 1694 972 et
1719 941 1848 972 Calzino

156 1004 179 1023 15
200 991 240 1022 de
265 992 433 1023 Torniellis
458 992 564 1023 omnia
588 992 756 1033 privilegia
780 992 852 1022 hinc
877 995 961 1022 retro
986 1002 1043 1032 per
1066 1003 1122 1022 nos
1146 993 1191 1022 eis
1209 1003 1372 1027 concessa,
1398 992 1457 1022 hoc
1482 992 1591 1022 addito
1616 992 1701 1033 quod
1718 994 1748 1023 iu
1773 993 1848 1023 civi-

198 1047 264 1074 tate
290 1047 322 1074 et
345 1044 533 1084 episcopatu
557 1043 696 1074 Novarie
721 1054 782 1073 uon
807 1043 995 1073 debebimus
1019 1043 1125 1074 facere
1150 1044 1289 1084 aliquam
1314 1045 1489 1073 novitatem
1513 1054 1569 1084 pro
1595 1044 1754 1084 aliquibus
1778 1045 1849 1074 hinc

197 1098 283 1126 retro
322 1095 472 1133 occursis,
507 1095 583 1135 111515
616 1094 854 1125 remanentibus
887 1094 1034 1125 fidelibus
1070 1095 1194 1134 imperii
1233 1097 1264 1124 et
1296 1094 1400 1133 nobis,
1432 1095 1512 1124 sicut
1548 1098 1620 1125 ante.
1656 1096 1731 1125 istas
1761 1096 1848 1125 novi-

199 1149 282 1176 tates
307 1150 406 1176 crant.

308 1209 335 1236 5.
371 1205 445 1246 Ipse
469 1209 577 1236 autem
601 1207 668 1236 Azo
694 1205 770 1236 dare
795 1209 943 1236 teneatur
967 1205 1058 1235 uobis
1083 1205 1252 1235 duodecim
1283 1205 1370 1235 milia
1394 1205 1530 1235 florenos
1555 1208 1586 1235 et
1610 1206 1746 1246 amplius
1771 1217 1850 1247 quo-

155 1270 179 1289 20
199 1256 279 1288 libet
306 1267 426 1288 meuse.
480 1256 583 1292 Quam
608 1257 660 1287 diu
686 1260 794 1287 autem
819 1257 858 1287 ad
884 1260 1008 1297 pa1·tes*·
1032 1257 1202 1287 Alamanie
1227 1267 1289 1286 uon
1314 1257 1445 1291 erimus,
1477 1256 1553 1286 dare
1584 1260 1729 1287 teneatur
1757 1258 1849 1287 flore-

198 1320 256 1339 nos
288 1308 374 1339 mille
409 1309 491 1345 auri,
522 1309 552 1339 iu
584 1309 825 1349 quibuscunque
861 1309 930 1339 aliis
966 1308 1110 1349 partibus
1143 1309 1260 1338 erimus
1295 1311 1500 1348 preterquam
1537 1309 1567 1338 iu
1601 1308 1742 1348 partibus
1773 1309 1849 1339 Ala-

198 1360 315 1391 mauie.
363 1360 450 1395 Quos
475 1359 644 1390 duodecim
674 1360 761 1390 milia
784 1360 923 1389 florenos
952 1360 1085 1390 dicimus
1114 1363 1146 1390 et
1175 1360 1361 1399 profitemur
1392 1359 1541 1390 habuisse
1569 1360 1609 1390 ab
1639 1370 1676 1390 eo
1707 1364 1738 1390 et
1768 1361 1851 1390 ultra

201 1422 257 1452 pro
282 1412 343 1442 illis
367 1411 454 1442 mille
478 1412 605 1442 florenis
629 1411 790 1442 solvendis
815 1411 958 1452 quolibet
982 1421 1091 1441 mense
1117 1412 1256 1451 quinque
1287 1411 1373 1441 milia
1398 1412 1597 1451 octingentos
1622 1411 1757 1442 florenos
1782 1413 1849 1442 auri

202 1463 434 1503 computandos
458 1464 488 1493 iu
512 1462 598 1494 dicta
622 1464 832 1504 promissione
858 1463 949 1493 uobis
973 1464 1058 1493 facta
1082 1463 1167 1492 omui
1191 1473 1312 1493 mense.

165 1534 189 1551 25
309 1525 337 1554 6.
372 1523 454 1554 Item
480 1523 606 1564 quando
631 1534 649 1553 a
667 1523 757 1554 uobis
774 1523 870 1554 fuerit
886 1523 1058 1563 requisitus
1074 1523 1166 1553 uobis
1183 1523 1394 1553 existentibus
1412 1526 1503 1553 extra
1519 1522 1735 1561 Alamauiam,
1760 1526 1849 1553 teue-

200 1578 251 1605 tur
275 1577 307 1605 et
331 1574 428 1605 debet
452 1574 543 1605 nobis
566 1575 598 1604 in
621 1574 795 1605 subsidium
821 1575 948 1604 mittere
974 1574 1126 1605 ducentos
1151 1578 1291 1604 armatos
1315 1573 1533 1604 Theutonicos
1558 1574 1682 1613 equites
1706 1574 1769 1604 suis
1793 1584 1848 1604 ex-

201 1626 308 1667 pensis
332 1629 364 1656 et
388 1627 564 1657 communis
580 1626 764 1657 Mediolani.
811 1626 872 1661 Qui
889 1626 1088 1666 stipendiarii
1106 1625 1264 1656 mandatis
1282 1626 1397 1655 uostris
1421 1629 1505 1654 stare
1524 1624 1688 1655 debebunt
1711 1628 1743 1655 et
1759 1625 1850 1655 uobis

201 1677 259 1707 sub
285 1678 435 1718 expensis
460 1677 675 1718 predictorum
700 1679 730 1707 iu
755 1677 902 1707 omuibus
927 1677 1069 1707 obedire.

310 1739 336 1767 7.
373 1737 455 1768 Item
480 1737 578 1768 debet
601 1742 633 1768 et
657 1737 788 1768 debebit
812 1738 879 1778 ipse
904 1738 971 1767 Azo
996 1737 1116 1767 habere
1146 1747 1258 1767 omnes
1286 1740 1318 1767 et
1347 1746 1551 1777 quoscunque.
1578 1736 1793 1766 'I‘lieutouicos
1818 1740 1850 1766 ct

157 1798 183 1816 ³0
203 1789 332 1820 Italicos
356 1788 431 1819 sibif
452 1789 571 1819 amicos
595 1792 627 1820 et
651 1789 757 1820 colere
783 1794 815 1819 et
838 1790 988 1830 prosequi
1014 1789 1095 1819 bono
1121 1788 1203 1827 zelo,
1236 1789 1289 1829 qui
1314 1791 1424 1818 contra
1449 1798 1520 1817 eum
1548 1789 1674 1817 fuerunt
1704 1791 1735 1817 et
1759 1787 1849 1817 uobis

199 1840 357 1870 astabunt.
404 1840 485 1870 Item
512 1840 631 1871 debent
655 1844 686 1871 et
711 1840 875 1871 debebunt
903 1840 1045 1881 gaudere
1080 1840 1185 1877 bouis,
1220 1839 1474 1880 possessionibus
1506 1842 1537 1869 et
1570 1838 1744 1878 privilegiis
1774 1839 1848 1878 suis,

199 1895 294 1932 prout
318 1891 470 1922 hactenus
495 1896 736 1929 consueverunt,
762 1892 876 1932 quibus
901 1902 958 1932 per
981 1892 1147 1932 predictag
1172 1902 1233 1921 uon
1259 1891 1381 1922 exstitit
1406 1890 1608 1930 derogatum.

307 1954 335 1982 ὃ.
370 1951 452 1982 Item
477 1951 576 1982 debet
604 1955 635 1982 et
659 1955 785 1982 tenetur
813 1955 922 1982 eontra
947 1962 1169 1991 quamcunque
1194 1961 1365 1991 personam
1390 1950 1480 1980 nobis
1505 1949 1663 1979 rebellare
1688 1949 1848 1979 volentem

199 2005 232 2034 et
254 2002 465 2033 rebellantem
490 2013 561 2033 cum
586 2006 652 2033 toto
677 2013 732 2033 suo
758 2013 850 2043 posse
876 2002 1014 2033 fideliter
1036 2003 1067 2032 in
1092 2002 1237 2032 omnibus
1262 2002 1423 2032 adiuvare.

156 2077 180 2095 35
307 2066 335 2093 1).
369 2063 451 2093 Item
476 2062 560 2103 quod
586 2066 694 2093 contra
719 2063 799 2101 illos,
825 2063 878 2103 qui
902 2066 1011 2093 contra
1036 2063 1178 2092 Azouem
1204 2062 1243 2092 de
1268 2061 1522 2092 vicecomitibus
1555 2063 1586 2090 et
1611 2063 1734 2100 patrem
1759 2070 1848 2090 suum

201 2114 361 2154 quondam
386 2114 527 2151 fuerunt,
558 2114 678 2144 nullam
703 2114 800 2144 faciet
822 2113 997 2144 ultionemh
1023 2124 1079 2143 nec
1105 2114 1150 2143 eis
1174 2113 1358 2154 aliqualiter
1382 2112 1607 2143 adversabitur
1632 2121 1689 2141 nec
1713 2110 1848 2152 impedi-

199 2169 341 2196 mentum
366 2165 495 2206 aliquod
522 2165 637 2196 inferet
660 2166 711 2196 vel
735 2176 909 2205 gravamen
934 2176 990 2205 pro
1020 2165 1140 2194 iniuriis
1164 2175 1221 2195 seu
1246 2163 1521 2195 molestationibus
1545 2162 1603 2192 sibi
1630 2165 1661 2192 et
1685 2162 1767 2202 patri
1791 2172 1847 2191 5110

200 2216 292 2247 factis
315 2220 347 2247 et
370 2217 476 2247 illatis.

290 2278 335 2307 ¹0.
370 2277 435 2307 Dat
458 2277 588 2317 iusuper
610 2276 701 2307 nobis
724 2277 848 2307 litteras
871 2277 1027 2317 sigillatas
1051 2277 1153 2317 sigillo
1179 2287 1251 2315 suo,
1281 2275 1367 2316 quod
1392 2275 1537 2315 predicta
1563 2274 1669 2304 omnia
1693 2272 1847 2309 attendet,

156 2342 181 2361 40
200 2331 269 2358 rata
292 2327 425 2358 habebit
447 2327 586 2358 fideliter
610 2330 641 2358 et
665 2327 791 2358 devote.
842 2327 908 2358 Nos
933 2338 1008 2358 vero
1039 2327 1118 2358 illud
1141 2327 1226 2358 idem
1253 2328 1387 2358 facimus
1415 2327 1473 2366 ipsi
1500 2327 1599 2355 Azoni
1630 2324 1717 2354 fideli
1741 2326 1848 2353 nostro

201 2378 328 2409 dilecto.

303 2633 368 2660 587.
397 2636 419 2665 θ’)
439 2640 556 2660 auctores
575 2636 614 2660 ed.
711 2634 735 2665 *1)
754 2635 894 2659 secundum
914 2635 952 2658 ecl.
1050 2634 1072 2665 Ε)
1092 2638 1187 2666 partem
1207 2634 1245 2658 ed.
1350 2632 1368 2662 x‘)
1389 2633 1461 2656 nobi<
1481 2632 1518 2655 ccl.
1609 2630 1632 2659 ἕ)
1651 2630 1786 2661 predictam
1807 2627 1843 2650 etl·

199 2676 225 2708 h)
246 2678 398 2702 mentionem
418 2678 456 2702 ecl.

304 2829 343 2846 LL.
354 2829 578 2847 CONSTITUTIONES
592 2829 627 2846 VI.
1605 2813 1638 2839 622
