2205 3025
262 2102 314 2126 Apr.
326 2102 358 2120 21,

369 114 431 143 450
606 108 699 134 ACTA
721 106 831 132 REGNI
854 105 1035 131 LUDEWICI
1056 104 1102 130 IV.
1123 105 1167 130 ET
1188 103 1375 130 FRIDERICI
1394 104 1442 130 111.
1480 103 1555 130 1329.
1593 103 1639 130 Nr.
1653 104 1710 130 575.
1730 105 1788 130 576.

370 210 384 227 a
401 201 465 226 sede
483 201 571 226 soret
588 199 727 224 indultum
744 196 908 230 apostolica,
926 196 1000 228 quod
1015 195 1153 226 interdici,
1171 195 1303 229 suspendi
1318 195 1360 221 vel
1375 194 1612 221 excommunicari
1629 203 1684 221 non
1698 197 1833 228 possent
1848 204 1898 229 per
1911 195 2022 221 litteras

370 251 540 285 apostolicas
563 259 619 275 non
644 249 780 274 facientes
804 248 916 281 plenam
941 249 970 273 et
993 255 1153 280 expressam
1178 255 1210 272 ac
1234 247 1268 272 de
1286 246 1370 272 verbo
1395 246 1430 272 ad
1447 246 1560 272 verbum
1585 246 1618 272 de
1642 246 1753 272 indulto
1769 246 1930 272 huiusmodi
1946 255 2020 272 men-

371 302 482 329 tionem,
503 302 531 326 et
549 299 721 332 quibuslibet
741 297 905 331 privilegiis,
926 295 1110 329 indulgentiis
1129 297 1157 321 et
1170 295 1274 321 litteris
1292 294 1456 328 apostolicis
1475 294 1653 328 generalibus
1667 295 1709 320 vel
1723 295 1893 329 specialibus
1908 295 2020 328 quibus-

372 353 412 377 vis
432 351 553 385 personis
577 350 644 376 locis
666 350 708 375 vel
728 348 871 375 ordinibus
894 348 944 373 sub
964 355 1129 380 quacunque
1149 346 1237 371 forma
1258 346 1301 371 vel
1321 345 1498 379 expressione
1518 347 1663 372 verborum
1683 346 1832 375 concessis.
1859 347 1970 373 etiamsi
1990 347 2023 373 de

371 405 426 429 illis
443 405 517 429 esset
534 402 663 436 specialis
688 403 716 427 et
732 409 864 434 expressa
888 409 923 426 ac
947 400 980 425 de
998 399 1082 425 verbo
1107 398 1142 424 ad
1160 397 1274 424 verbum
1298 397 1326 423 in
1344 393 1459 423 nostris
1481 393 1596 423 litteris
1612 398 1719 424 mentio
1736 398 1872 430 facienda,
1897 407 1947 432 per
1970 407 2024 432 que

370 455 478 481 nullum
502 456 601 480 contra
624 453 780 486 premissa*
807 452 934 477 volumus
959 451 1052 476 afferri
1080 449 1244 483 suffragium
1269 449 1312 475 vel
1337 449 1513 475 obstaculum
1539 449 1691 483 interponi,
1780 456 1837 475 nos
1861 446 1967 476 omnia
1992 449 2024 476 et

371 502 495 542 singula
519 500 703 541 supradicta
728 499 921 530 ratificantes
951 501 983 529 et
1008 508 1048 528 ex
1073 500 1161 528 certa
1184 497 1317 527 scientia
1341 496 1558 537 approbantes
1583 497 1805 527 nichilominus
1829 498 1859 527 in
1884 498 2023 537 presenti

370 554 591 594 privationem,
617 552 863 592 expositionem,
888 549 1137 587 concessionem,
1161 548 1395 578 absolutionem
1419 548 1640 586 vassallorum,
1669 547 1910 579 dissolutionem
1935 549 2024 579 colli-

371 605 549 645 gationum,
574 603 807 633 relaxationem
832 602 1091 635 iuramentorum,
1121 599 1296 637 decretum,
1322 598 1553 635 inhibitionem,
1580 599 1764 630 mandatum
1797 610 1959 640 penasque
1988 610 2025 630 ac

371 657 544 687 sententias
568 664 605 685 ac
629 654 735 684 omnia
758 653 821 683 alia
838 652 1021 692 supradicta
1044 652 1241 690 innovamus,
1266 651 1505 691 promulgamus
1530 654 1563 681 et
1585 650 1729 687 facimus,
1755 651 1897 681 volentes
1915 661 2025 681 omnes

372 711 403 737 et
427 707 567 747 singulos
591 706 621 735 in
647 702 839 735 contrarium
865 704 1021 734 facientes
1044 713 1144 743 penas
1168 703 1328 732 incurrere
1353 701 1562 742 supradictas.

480 763 507 789 ὃ.
532 758 576 788 Ut
599 760 706 787 autem
724 756 881 786 sententia
907 759 938 786 et
955 765 1123 795 processus
1140 753 1320 784 huiusmodi
1345 753 1385 783 ad
1410 753 1485 783 dicti
1502 753 1657 784 Ludovici
1682 757 1713 783 et
1729 754 1865 784 aliorum
1890 763 2026 794 quorum

372 811 503 840 interest
528 818 728 839 communem
754 807 898 837 notitiam
917 806 1125 844 deducantur,
1149 808 1253 835 cartas
1277 805 1342 835 sive
1366 804 1571 835 membranas
1588 805 1779 834 sententiam
1804 808 1836 836 et
1859 815 2027 845 processus

372 861 570 891 continentes
593 859 725 890 cosdem
743 859 773 889 iu
791 858 925 889 ecclesie
942 857 1194 896 Avinionen(sis)
1212 856 1353 897 appendi
1371 866 1427 886 seu
1444 855 1531 896 affigi
1553 856 1641 886 ostiis
1658 866 1714 886 seu
1732 856 2026 896 superliminaribus

373 912 536 947 faciemus,
562 921 622 951 que
647 911 733 951 ipsos
756 910 947 940 sententiam
971 912 1003 939 et
1027 918 1210 949 processum
1228 899 1292 938 ¹suo
1319 908 1408 948 quasi
1425 917 1541 937 sonoro
1559 907 1708 947 preconio
1734 910 1766 937 et
1782 908 1891 948 patulo
1909 907 2025 938 indicio

371 963 589 1004 publicabunt,
614 963 658 992 ita
682 961 767 1002 quod
791 961 893 991 dictus
909 960 1091 990 Ludovicus
1115 964 1147 990 et
1170 960 1223 990 alii
1241 970 1319 1000 quos
1336 959 1521 999 contingere
1540 958 1746 989 dinoscuntur
1769 958 1887 989 nullam
1905 959 2026 999 possint

373 1015 613 1044 excusationem
638 1013 843 1054 pretendere,
874 1012 959 1053 quod
988 1012 1028 1042 ad
1058 1022 1112 1042 eos
1141 1022 1204 1042 non
1234 1011 1439 1052 pervenerint
1468 1011 1535 1040 velt
1566 1010 1651 1050 quod
1680 1011 1855 1051 ignorarint
1883 1011 2024 1051 eosdem,

373 1076 443 1096 cum
468 1076 530 1095 non
547 1066 587 1095 sit
603 1065 771 1095 verisimile
790 1063 896 1104 quoad
922 1064 1006 1104 ipsos
1030 1073 1195 1093 remanere
1213 1063 1408 1103 incognitum
1426 1062 1475 1092 vel
1493 1062 1662 1100 occultum,
1688 1062 1772 1102 quod
1797 1065 1861 1092 tam
1879 1065 2027 1102 patenter

375 1116 520 1147 omnibus
544 1115 734 1156 publicatur.

482 1167 555 1197 Dat.
581 1167 776 1202 Avinionr‘e),
801 1166 876 1196 XII.
896 1166 968 1196 Kal.
992 1165 1078 1201 Maii,
1104 1166 1304 1206 pontificatus
1328 1165 1425 1195 nostri
1453 1175 1534 1195 auno
1560 1164 1792 1195 tertiodecimo.

483 1415 557 1449 576.
599 1411 891 1449 CONFESSIO
917 1412 1145 1448 FRATRIS
1170 1410 1433 1447 MINORUM
1457 1411 1628 1447 SUPER
1653 1411 1886 1447 ORATION
1897 1412 1926 1446 E

851 1468 953 1504 PRO
979 1466 1335 1502 IMPERATORE
1360 1465 1547 1502 FACTA.

1043 1535 1149 1570 1329.
1192 1535 1280 1578 Apr.
1303 1535 1362 1569 QG,

483 1637 536 1668 Ex
553 1636 735 1667 Protomllis
758 1637 876 1667 notarii
897 1636 1027 1667 Eusebi}
1048 1636 1084 1666 cle
1101 1636 1306 1675 Romccsmano
1327 1636 1503 1675 σανιζοηίοὶ)
1522 1635 1816 1674 P(0rt2csnaoensis)
1844 1635 1877 1666 in
1899 1636 2025 1667 archivo

374 1689 570 1719 notariorum
592 1688 736 1720 Utinensi
751 1688 848 1718 edidit
868 1698 896 1717 (ι.
914 1688 1006 1719 1845.
1038 1687 1179 1717 Bianehi
1196 1686 1395 1717 ‘Documenti
1411 1698 1474 1725 per
1496 1686 1526 1717 la
1549 1687 1647 1717 storia
1671 1685 1720 1716 del
1741 1685 1866 1717 Friuh'
1891 1686 1940 1724 H,
1964 1687 2027 1717 :280

373 1751 422 1771 nr.
441 1740 511 1771 553.
559 1739 738 1770 Ec‘lzsstionem
763 1739 940 1778 repetimus.

479 1834 540 1864 Dic
566 1834 839 1874 XXV1.Ap1·ilis,
865 1833 1035 1873 Aquilegic
1065 1834 1095 1862 in
1121 1832 1324 1873 patriarchali
1350 1832 1480 1873 palatio,
1507 1832 1709 1873 presentibus
1733 1831 1867 1862 testibus
1892 1842 2026 1863 venera-

372 1885 487 1915 bilibus
512 1885 583 1915 viris
609 1884 731 1923 fr(atre)
756 1884 897 1914 Iohanne
923 1884 1041 1914 abbate
1066 1874 1251 1914 monasterii
1275 1884 1478 1922 Rosacensis,
1503 1884 1621 1913 vicario
1647 1886 1679 1913 et
1710 1882 1836 1924 fr(atre)
1860 1883 2026 1913 Bernardo

375 1937 414 1966 (lc
443 1936 567 1966 Novate
599 1936 755 1966 monacho
789 1936 973 1966 monasterii
1004 1935 1251 1966 Clarcvallensis
1283 1935 1322 1965 de
1356 1935 1554 1974 Mediolano,
1585 1935 1774 1965 constitutus
1802 1934 1833 1964 in
1867 1935 2027 1974 presentia

374 1987 564 2017 venerabilis
588 1988 686 2027 patris
711 1987 830 2017 domini
847 1986 971 2026 Pagani
989 1986 1050 2016 Dei
1075 1987 1179 2026 gratia
1196 1991 1306 2017 sancte
1331 1986 1416 2017 sedis
1434 1986 1659 2027 Aquilcgensis
1682 1985 1862 2026 patriarche
1881 1985 2027 2017 dominus

374 2038 534 2068 Iohannes
558 2038 597 2068 dc
622 2038 735 2068 Padua
760 2038 879 2068 ordinis
903 2037 1059 2067 Minorum
1092 2038 1131 2068 ‹le
1162 2042 1320 2069 conventu
1344 2038 1431 2068 Utini
1462 2037 1626 2068 confessus
1657 2038 1727 2071 fuit,
1753 2036 1838 2077 quod
1870 2036 1972 2077 pridie
1996 2038 2027 2067 in

375 2088 554 2119 Parasceve
579 2089 722 2125 Domini,
747 2100 817 2119 cum
849 2090 978 2119 missam
1010 2090 1253 2119 (onvcntualeni
1285 2090 1466 2120 celebraret
1496 2090 1524 2119 in
1557 2089 1694 2119 ecclesia
1721 2089 1862 2128 ipsorum
1894 2088 2027 2118 fratrum

375 2139 532 2169 Minorum
564 2140 603 2170 de
627 2139 740 2175 Utino,
769 2140 946 2170 astantibus
976 2141 1116 2180 ipsorum
1134 2141 1280 2171 fratrum
1312 2144 1469 2171 conventu
1500 2144 1532 2170 et
1560 2140 1668 2181 populi
1699 2139 1917 2177 multitudine,
1946 2140 2028 2170 inter

375 2191 454 2220 alias
479 2191 638 2221 orationes
662 2190 766 2227 illam,
791 2201 851 2231 que
883 2191 921 2221 de
947 2192 1139 2231 imperatore
1172 2192 1391 2222 Romanorum
1420 2192 1615 2222 mentionem
1646 2191 1737 2227 facit,
1770 2190 1851 2221 dixit
1881 2191 1967 2221 clara
1996 2194 2027 2221 et

375 2240 440 2270 alta
464 2251 541 2271 vocc
566 2241 714 2272 dicendo:
740 2242 888 2272 ‘Oremus
913 2245 944 2272 et
969 2253 1024 2282 pro
1050 2242 1309 2273 christianissimo
1335 2244 1529 2283 imperatore
1554 2242 1626 2272 etc.²
1681 2242 1723 2272 Et
1750 2252 1821 2272 cum
1850 2242 1965 2272 fratres
1994 2245 2026 2272 et

376 2292 512 2331 populus
537 2296 770 2323 murmurarent
794 2296 925 2333 propter
947 2293 1122 2330 Bavarum,
1153 2295 1204 2334 qui
1230 2304 1264 2324 se
1289 2294 1365 2324 facit
1388 2295 1616 2334 imperatorem
1642 2296 1674 2323 et
1698 2294 1899 2334 persequitur
1923 2292 2025 2332 eccle-

376 2343 453 2372 siam
479 2342 538 2372 Dci
565 2347 596 2373 et
627 2343 667 2373 ab
692 2354 730 2374 ca
755 2345 944 2384 reprobatus
968 2348 1000 2375 et
1024 2346 1318 2375 excommunicatus
1343 2349 1391 2375 est
1415 2355 1451 2375 ac
1476 2345 1515 2376 de
1540 2345 1644 2375 heresi
1669 2344 1914 2382 condemnatus,
1943 2346 2025 2374 atto-

376 2394 458 2423 nitus
483 2394 541 2424 fuit
565 2394 658 2425 valde
684 2399 715 2425 et
739 2399 773 2425 ut
800 2396 936 2426 asseruit
959 2396 988 2425 in
1014 2399 1116 2426 semet
1140 2397 1207 2436 ipso
1234 2396 1362 2427 fremuit
1386 2400 1418 2427 et
1442 2397 1626 2437 recognovit
1651 2406 1684 2426 se
1708 2396 1793 2426 male
1817 2395 1947 2428 dixisse.

483 2445 725 2480 MOOCXXIX,
751 2447 921 2477 indictione
946 2447 1020 2477 XII.

480 2667 544 2693 575.
574 2668 594 2698 ¹⁹)
614 2668 649 2692 his·
671 2669 789 2699 scripssmn
812 2669 831 2692 l.

2044 664 2070 683 10

2046 921 2069 939 15

2046 1176 2072 1195 20

2046 1684 2115 1714 25'

2045 1996 2071 2014 30

2045 2251 2071 2270 35
