2205 3025
248 1478 304 1499 Nor.
316 1481 346 1499 11.

362 150 423 179 (ur.
810 142 903 169 ACTA
923 141 1035 167 asem
1056 119 1236 167 1001311101
1255 139 1300 165 iv.
1338 138 1412 165 1330.
1450 138 1569 165 Nr.724.

450 291 628 321 724—720.
666 287 929 319 PRIVILEGIA
952 285 1008 317 ET
1032 285 1254 316 LITTERAE
1280 284 1367 316 PRO
1392 283 1602 315 CIVITATE
1627 283 1923 315 ESSLINGENSI.

1029 348 1118 377 1330.
1154 346 1356 386 Apr.1.—7.

554 463 637 498 724.
676 462 839 505 vae'nilio
866 464 983 495 suo-«e
1011 464 1040 494 ct
1066 460 1279 503 confirmatlio
1301 459 1571 503 pririlcqiarnm.
1684 459 1770 504 Apr.
1787 461 1818 494 1.

470 546 603 576 Formae
632 545 749 575 latinae
773 542 924 583 oriyinalc
949 543 1020 583 (or.)
1053 543 1086 573 in
1116 541 1273 572 tabulario
1304 541 1386 580 reguo
1409 540 1667 581 Stuttyardicnsi.
1723 540 1920 571 Contulimus
1949 551 2012 572 nos.

362 597 480 628 Pendet
515 596 600 627 bulla
637 606 735 626 aurea
769 595 835 633 silis
869 595 979 625 sericis
1010 594 1098 624 rubei
1132 593 1305 632 viridisque
1339 592 1456 624 coloris.
1496 611 1536 614 —
1575 592 1637 623 Ed.
1665 591 1761 622 Diem
1795 591 1812 623 l.
1836 602 1858 623 c.
1894 592 1922 629 I,
1951 592 2015 622 290

363 660 409 680 nr.
429 650 492 679 :393
514 658 551 678 car
575 658 618 677 or.

470 708 614 743 L'iilzmcr,
640 706 714 746 Rcy.
740 705 850 736 Lndw.
870 716 904 744 p.
923 706 964 735 63
987 714 1035 734 ην.
1055 705 1153 741 1103;
1176 705 1216 741 cf.
1242 705 1334 734 1105.

469 802 695 844 {ghudowicus}
718 801 778 831 Dei
802 800 906 841 gratia
922 799 1141 830 Romanorum
1159 799 1334 839 imperator
1358 807 1484 839 semper
1508 799 1661 838 augustus
1751 821 1780 828 ..
1805 796 2015 837 prudentibus

362 855 436 884 viris
461 878 490 884 ..
509 853 661 894 magistro
687 852 812 887 civium„
838 876 844 883 .
864 877 868 882 .
888 851 1032 885 sculteto,
1058 874 1064 880 .
1084 875 1090 880 .
1115 849 1297 880 consulibus
1321 873 1327 879 .
1347 874 1353 880 .
1378 849 1558 889 ceterisque
1583 847 1703 879 civibus
1726 848 1882 878 universis
1906 847 2015 888 oppidi

362 907 392 936 in
417 905 595 945 Eszelinga,
620 904 684 934 suis
708 908 740 934 et
763 903 889 943 imperii
912 902 1059 933 fidelibus
1084 897 1217 932 dilectis*
1296 901 1438 941 graciam
1463 911 1553 931 suam
1578 902 1610 930 et
1634 909 1728 930 omne
1753 899 1881 930 bonum.

472 956 551 987 Eam
569 955 662 986 decet
680 958 819 985 nostram
837 953 1038 995 imperialem
1056 953 1265 984 clemenciam
1282 952 1504 983 benivolencie
1524 952 1680 992 pietatem
1698 951 1868 981 ostendere
1886 952 2015 992 copiose

361 1009 431 1040 hiis,
453 1009 505 1048 qui
525 1010 632 1037 nostre
650 1005 829 1037 celsitudini
847 1007 911 1036 suis
927 1006 1057 1036 minime
1075 1004 1258 1035 deferentes
1275 1003 1461 1044 corporibus
1482 1007 1578 1044 atque
1598 1002 1693 1033 rebus
1710 1013 1767 1043 pro
1784 1002 1904 1033 viribus
1921 1002 2014 1033 obse-

363 1063 509 1100 quuntur,
534 1062 567 1089 ut
586 1058 640 1088 alii
660 1059 800 1098 ipsorum
821 1057 927 1088 allecti
947 1056 1110 1088 beneficiis
1129 1066 1166 1087 ae
1186 1055 1362 1086 eorundem
1382 1054 1566 1087 honoribus.
1588 1054 1702 1095 quibus
1722 1064 1779 1094 per
1795 1058 1935 1085 nostram
1955 1055 2014 1084 im-

362 1111 515 1152 perialem
542 1110 738 1141 extolluntur
762 1109 985 1146 clemenciam,
1013 1108 1135 1138 incitati
1164 1107 1254 1138 nobis
1278 1106 1318 1137 ad
1343 1106 1548 1147 beneplacita
1572 1105 1750 1137 fervencius
1774 1105 1955 1136 animentur
1979 1116 2015 1136 ac

362 1172 463 1203 prona
487 1161 739 1202 promptitudine
757 1160 797 1191 ad
821 1160 904 1190 bene
921 1164 1013 1200 grata
1030 1163 1136 1190 nostre
1157 1158 1316 1189 altitudini
1336 1159 1519 1199 prompcius
1539 1160 1761 1198 provocentur.
1800 1157 2014 1188 Attendentes

364 1215 471 1254 itaque
489 1216 580 1253 grata
598 1216 629 1243 et
643 1212 759 1242 devota
776 1212 909 1242 servicia
926 1211 1017 1241 nobis
1034 1222 1092 1251 per
1104 1221 1159 1240 vos
1176 1210 1283 1240 multis
1300 1211 1363 1240 iam
1382 1209 1549 1240 retroactis
1567 1209 1764 1250 temporibus
1780 1208 1936 1239 fidelitate
1953 1219 2016 1240 non

363 1265 490 1296 modica
515 1265 588 1303 (M.)
614 1266 797 1294 constanter
814 1262 957 1292 exhibita
981 1266 1088 1292 nostro
1105 1262 1214 1292 favore
1232 1272 1287 1292 vos
1305 1261 1418 1301 dignos
1435 1261 1637 1301 agnoscimus
1662 1263 1694 1291 et
1710 1260 1824 1290 nostris
1849 1270 2017 1291 censemus

363 1316 526 1347 beneficiis
551 1319 582 1345 et
605 1315 789 1345 muneribus
809 1313 992 1354 specialiter
1009 1313 1209 1344 attollendos,
1249 1312 1292 1343 Ut
1316 1313 1412 1353 igitur
1435 1323 1500 1348 vos7
1526 1313 1579 1352 qui
1603 1321 1661 1352 per
1685 1310 1760 1342 facti
1779 1311 2017 1351 experienciam

365 1368 506 1397 favorem
523 1370 664 1397 nostrum
690 1366 770 1395 inter
794 1365 874 1395 alios
894 1364 1006 1395 fideles
1023 1364 1147 1404 imperii
1166 1364 1326 1394 meruistis
1342 1366 1482 1393 nostram
1499 1363 1589 1393 vobis
1606 1363 1815 1393 clemenciam
1834 1363 2018 1403 percipiatis

364 1419 394 1448 111
420 1418 526 1458 aliquo
544 1417 748 1447 fructuosam.
773 1415 863 1446 vobis
880 1416 1056 1456 vestrisque
1074 1415 1310 1446 successoribus
1334 1418 1366 1445 et
1387 1415 1524 1455 posteris
1540 1414 1695 1445 universis
1719 1414 1749 1443 in
1775 1413 1893 1454 oppido
1911 1417 2015 1444 vestro

363 1470 522 1510 predicto,
550 1472 583 1498 ut
608 1469 696 1499 annis
720 1468 851 1507 singulis
875 1468 905 1497 in
929 1467 1011 1497 festo
1036 1467 1123 1497 beati
1147 1466 1273 1496 Martini
1299 1469 1426 1497 stwram
1451 1469 1659 1501 011110110111111Ἴ
1689 1465 1721 1496 id
1745 1468 1793 1496 est
1817 1465 2017 1506 octingentas

364 1521 460 1551 libras
484 1520 712 1558 Ilallen(sium)
742 1518 855 1559 legalis
883 1521 1012 1549 monete
1041 1521 1073 1548 et
1102 1529 1163 1548 11011
1188 1518 1271 1548 ultra
1295 1517 1385 1547 nobis
1409 1517 1588 1557 nostrisque
1618 1517 1648 1546 111
1672 1516 1819 1547 Romano
1843 1527 1942 1557 regno
1967 1516 2018 1547 vel

364 1573 498 1612 imperio
523 1570 758 1601 s11c(·‹;·ssorib11s
783 1581 837 1601 seu
863 1570 1006 1610 personis
1031 1570 1100 1600 aliis
1124 1569 1247 1599 ratione
1272 1569 1360 1609 regni
1385 1568 1435 1599 vel
1460 1568 1585 1608 imperii
1608 1567 1860 1608 quibuscumque
1885 1567 1962 1598 dare
1987 1570 2019 1597 et

363 1623 486 1654 solvere
511 1623 692 1657 teneaminh
717 1626 827 1652 tenore
852 1622 1052 1662 presencium
1073 1620 1248 1651 liberaliter
1265 1620 1477 1660 indulgemus,
1503 1630 1543 1650 ex
1568 1622 1655 1649 certa
1672 1619 1810 1650 sciencia
1827 1618 2017 1658 inhibentes⁷

362 1685 401 1704 ne
427 1675 496 1715 quis
521 1673 559 1704 de
585 1680 702 1707 cetero,
727 1673 953 1713 cuiuscumque
975 1672 1169 1712 condicionis
1193 1676 1248 1702 aut
1272 1675 1371 1701 status
1396 1672 1524 1704 existat.
1550 1671 1676 1701 nomine
1694 1671 1826 1701 alicuius
1850 1671 1935 1701 stiire
1960 1681 2016 1701 seu

364 1725 496 1756 collecte
529 1725 611 1755 ultra
642 1724 799 1765 prefatam
825 1724 977 1764 peccunie
1007 1734 1163 1754 summam
1194 1733 1212 1753 a
1236 1723 1326 1753 vobis
1350 1723 1527 1763 vestrisque
1558 1721 1793 1753 successoribus
1823 1725 1854 1752 et
1883 1721 2019 1761 posteris

363 1777 536 1818 quidquam
555 1777 673 1817 exigat⁷
699 1779 787 1816 petat
803 1776 852 1805 vel
871 1776 972 1806 eciam
990 1775 1138 1815 exquirat
1154 1774 1249 1805 modo
1267 1775 1387 1815 quovis.
1420 1774 1566 1814 Amplius
1584 1775 1686 1804 eciam
1710 1774 1741 1803 in
1758 1783 1813 1803 vos
1830 1775 2019 1813 vestrosque

315 1827 321 1834 ’
363 1838 563 1859 successores
582 1832 613 1858 et
630 1832 775 1868 posteros
793 1827 832 1857 ob
850 1827 1023 1857 constantis
1040 1830 1144 1856 vestre
1162 1825 1235 1856 fidei
1249 1826 1447 1856 benemerita
1464 1829 1571 1855 nostre
1589 1825 1830 1865 magnificencie
1848 1824 2019 1854 dexteram

364 1879 585 1911 extendentes
610 1883 644 1909 111
668 1879 785 1908 dictam
809 1882 938 1911 stura-m,
964 1878 1116 1918 quociens
1141 1881 1172 1908 et
1197 1877 1323 1918 quando
1341 1876 1552 1907 racionabiles
1576 1876 1666 1906 vobis
1691 1885 1813 1916 gwerre
1830 1875 2017 1913 inferuntur,

363 1932 393 1961 in
418 1934 540 1960 vestros
564 1930 723 1970 vestrique
749 1930 858 1970 oppidi
883 1940 1067 1960 comumnes
1091 1940 1164 1959 usus
1187 1929 1315 1969 possitis
1338 1931 1535 1968 convertere,
1559 1927 1650 1958 vobis
1666 1926 1824 1968 imperiali
1842 1926 2018 1957 clemencia

364 1981 566 2012 concedimus
590 1981 791 2021 presencium
819 1991 877 2021 per
900 1984 1055 2011 tenorem.
1103 1980 1186 2010 Sane
1212 1980 1362 2021 quoniam
1388 1979 1579 2020 ampliorum
1604 1979 1833 2009 liberalitatum
1857 1977 2019 2007 favoribus

364 2033 434 2063 illos
459 2036 598 2062 nostram
623 2043 680 2072 per
704 2032 911 2062 clemenciam
938 2032 1085 2061 convenit
1105 2031 1322 2071 circumplecti
1339 2034 1494 2071 grateque
1512 2030 1718 2070 benignitatis
1735 2029 1903 2060 affectibus
1927 2031 2018 2069 grato

364 2084 530 2124 participio
548 2083 702 2114 ‹lectu-ari.
722 2084 774 2123 qui
790 2084 968 2113 claritatem
986 2083 1060 2113 fidei
1078 2086 1110 2113 et
1127 2082 1234 2113 debite
1249 2082 1433 2113 devocionis
1447 2082 1663 2112 constanciam
1680 2081 1757 2111 locis
1775 2083 1806 2111 et
1820 2080 2019 2121 temporibus

366 2136 528 2175 oportunis
552 2136 760 2165 strennuitate
786 2145 918 2175 operum
943 2135 1112 2175 magnifiee
1135 2138 1170 2165 ,et
1194 2134 1412 2174 multipliciter
1436 2133 1650 2174 probaverint,
1676 2132 1763 2162 cuius
1788 2134 1938 2172 pretextu
1962 2141 2019 2160 vos

365 2190 551 2226 vestrosque
581 2196 779 2216 successores
811 2188 842 2216 et
871 2188 1015 2226 posteros
1043 2186 1212 2227 singularis
1241 2186 1447 2225 prerogativa
1475 2185 1582 2225 gracie
1610 2186 1843 2224 prosequentes
1871 2183 2019 2213 universa

367 2242 395 2267 et
414 2238 537 2277 singula
554 2238 731 2277 privilegia,
750 2238 980 2271 c‹1›ncessiones,
1000 2237 1092 2274 (101111,
1117 2237 1293 2271 libertates
1319 2237 1520 2271 emunitates
1545 2235 1679 2276 gracias
1698 2235 1767 2264 iura
1791 2238 1823 2264 et
1841 2233 2020 2264 laudabiles

367 2289 633 2327 ctmswetudines,
659 2299 720 2328 que
745 2289 795 2318 vel
819 2299 897 2329 quas
921 2299 939 2318 a
963 2288 1053 2318 nobis
1081 2299 1118 2319 ac
1142 2289 1212 2318 aliis
1244 2288 1324 2318 divis
1348 2287 1543 2328 principibus
1567 2286 1785 2317 Romanorum
1810 2285 1939 2326 regibus
1964 2295 2019 2315 seu

366 2339 612 2379 imperatoribus
640 2339 920 2380 predecessoribus
947 2340 1062 2370 nostris
1090 2340 1244 2370 hactenus
1273 2339 1441 2377 habuistis⁷
1474 2338 1662 2379 possedistis
1691 2337 1741 2367 vel
1772 2336 1885 2377 quibus
1917 2336 2019 2366 eciam

367 2392 414 2421 usi
440 2391 549 2421 fuistis.
576 2394 639 2421 rata
667 2402 721 2420 seu
747 2395 841 2429 ratas,
866 2394 957 2431 grata
981 2391 1031 2421 vel
1055 2394 1163 2431 gratas
1187 2391 1343 2421 habentes
1365 2390 1520 2431 presentis
1544 2389 1653 2430 scripti
1669 2388 1844 2429 patrocinio
1862 2390 2018 2428 perpetuo

368 2443 502 2472 valituro
527 2443 716 2472 auctoritate
734 2442 889 2482 imperiali
908 2443 1109 2479 ratificamus,
1131 2442 1347 2482 approbamus
1371 2452 1407 2472 ac
1433 2443 1529 2472 etiam
1554 2445 1664 2471 tenore
1682 2440 1881 2481 presencium
1907 2438 2018 2469 confir-

368 2503 501 2529 mamus,
527 2493 670 2523 volentes
694 2494 763 2533 ipsa
784 2493 832 2523 vel
858 2494 943 2534 ipsas
960 2494 1062 2523 sortiri
1088 2494 1234 2534 perpetui
1259 2493 1382 2523 roboris
1401 2493 1595 2524 firmitatem.
1685 2492 1722 2522 In
1746 2491 1833 2521 cuius
1857 2491 1902 2521 rei
1927 2490 2017 2520 testi-

369 2545 508 2574 monium
537 2548 704 2584 presentes
732 2543 885 2574 c‹;›nscribi
914 2548 946 2574 01
974 2548 1080 2574 nostra
1112 2544 1196 2574 bulla
1224 2554 1322 2575 aurea
1350 2555 1386 2574 ae
1415 2548 1522 2574 nostro
1553 2543 1711 2584 imperiali
1740 2543 1829 2582 signo
1858 2544 2018 2571 eonsweto

370 2606 517 2626 mssnnus
542 2605 703 2625 comumri.

478 2654 550 2686 Dat.
575 2655 604 2684 in
623 2654 801 2695 Eszelinga‚
826 2655 856 2684 in
882 2654 932 2684 die
949 2653 1144 2687 Palmarum.
1169 2655 1226 2685 sub
1243 2665 1325 2685 anno
1343 2654 1473 2685 Domini
1487 2654 1657 2685 millesimo
1675 2652 1899 2684 trecentesimo
1924 2651 2018 2681 trice-

370 2708 460 2745 simo,
486 2707 574 2746 regni
600 2707 696 2736 nostri
722 2716 803 2735 anno
829 2705 1058 2744 sextodecimo7
1082 2706 1207 2746 imperii
1232 2716 1305 2735 vero
1332 2706 1440 2736 tercio.

2035 906 2059 925 10

2035 1169 2058 1188 15

2035 1423 2060 1442 20

2036 1681 2061 1701 25

2037 1937 2062 1955 30

2038 2193 2063 2212 35

2038 2449 2064 2467 40

2036 2712 2060 2730 45
