2205 3025
185 711 211 728 10

186 970 209 988 15

186 1246 211 1266 20

185 1504 208 1523 25

188 1760 250 1785 ao,

187 2039 210 2057 35

186 2294 211 2312 40

188 2651 212 2669 45

506 131 601 157 ACTA
621 131 733 157 REGNI
754 131 937 157 LUDEWICI
957 131 1002 157 IV.
1022 131 1068 157 ET
1089 131 1271 158 FRIDERICI
1292 133 1339 159 III.
1376 133 1451 160 1328.
1486 134 1533 160 Nr.
1547 134 1606 160 408.
1819 137 1877 167 311

230 217 318 247 beati
342 217 431 248 Petri
456 218 561 248 extitit
585 221 772 255 coronatus,
802 221 875 248 tunc
904 219 972 258 ipse
1001 219 1090 249 testis
1114 218 1173 249 fuit
1197 229 1327 259 presens
1356 220 1386 249 in
1411 220 1546 250 ecelesia
1570 221 1670 251 sancti
1694 221 1783 252 Petri
1806 232 1880 262 pre-

230 267 315 298 dicta
341 272 372 298 et
397 269 474 298 satis
497 279 598 309 prope
623 268 726 299 altare
751 268 837 299 beati
861 268 960 307 Petri,
990 269 1019 298 in
1045 279 1107 309 quo
1132 269 1225 299 altari
1255 270 1429 302 celebravit
1453 273 1583 302 missam
1607 272 1827 313 sollempniter
1850 274 1882 303 in

229 319 465 360 pontificalibus
490 319 592 350 dictus
617 320 787 360 episcopus
812 319 1014 350 Castellanus
1044 321 1109 351 sive
1134 321 1358 352 Veneeiarum.
1404 323 1625 363 Interrogatus
1649 324 1674 354 si
1699 325 1767 364 ipse
1791 325 1881 355 testis

229 370 447 410 cognoscebat
464 370 583 400 dictum
601 371 785 411 episcopum
805 375 836 402 et
853 371 879 401 si
896 371 1062 402 celebrans
1080 375 1149 402 erat
1165 373 1333 413 episeopus
1350 373 1552 404 castellanus
1573 375 1638 404 sive
1656 373 1881 407 Veneeiarum.

231 421 310 451 dixit
334 421 420 462 quod
444 432 522 460 non,
553 422 627 462 quia
655 422 749 452 aliter
773 433 835 452 non
859 423 983 453 viderat
1008 433 1090 453 eum.
1137 423 1369 455 Verumtamen
1394 435 1505 455 01111105
1529 426 1770 456 circumstantes
1794 425 1881 456 dice-

232 472 319 503 bant:
350 472 430 502 ‘Iste
455 476 502 503 est
533 474 701 513 episcopus
726 472 928 503 Oastellanus
956 484 1012 504 seu
1036 474 1276 513 veneciarum&
1307 479 1338 506 et
1368 475 1427 506 1100
1456 478 1524 506 0101
1551 477 1709 506 notorium
1738 480 1769 507 et
1797 476 1881 507 bene

230 524 298 562 scit,
323 526 356 553 ut
380 523 469 561 dixit,
495 523 579 564 quod
605 524 771 554 celebrans
795 525 945 564 portabat
968 526 1093 555 mitram
1120 530 1152 555 et
1174 525 1322 556 baculum
1346 527 1551 566 pastoralem.
1582 527 1672 557 Dixit
1696 528 1792 558 etiam
1811 538 1880 558 esse

230 574 349 605 famam
374 575 404 604 in
423 574 510 605 Urbe
536 579 567 605 et
592 575 669 605 10015
693 576 924 606 circumvicinis
949 576 988 606 de
1013 577 1169 606 contentis
1194 577 1224 606 in
1248 578 1316 617 ipso
1341 578 1473 608 articulo
1499 582 1531 609 et
1554 578 1623 608 aliis
1647 580 1881 619 suprascriptis.

339 649 365 676 7.
404 646 518 677 Frater
533 647 671 677 Nichola
688 647 845 677 Bevenuti
870 648 1030 678 habitator
1047 649 1166 679 Finarii
1195 649 1330 680 diocesis
1348 649 1518 680 Saonensis
1543 651 1632 681 testis
1648 652 1769 681 iuratus
1785 661 1882 692 super

229 697 372 738 predicta
399 708 520 728 meram
547 702 578 728 et
602 709 714 738 puram
740 698 846 729 dicere
872 700 1051 733 veritatem.
1077 710 1173 740 super
1190 700 1329 730 secundo
1354 701 1487 731 articulo
1512 703 1726 742 interrogatus
1751 702 1831 732 dixit
1847 713 1880 733 se

230 754 353 781 tantum
378 749 468 782 scire,
497 749 581 789 quod
607 749 733 789 quando
759 749 862 780 dictus
886 750 1067 780 Ludovicus
1092 752 1193 791 primo
1218 751 1347 781 intravit
1370 751 1501 789 Urbem„
1527 753 1688 792 predictus
1713 754 1881 794 episcopus

227 802 356 832 intravit
380 802 409 831 in
435 800 588 831 societate
614 811 671 831 sua
695 804 727 830 et
751 801 879 831 intravit
903 812 972 831 011111
999 812 1036 831 00
1062 802 1140 842 ipso,
1166 806 1247 832 teste
1273 807 1420 842 presente
1446 808 1477 833 et
1501 803 1638 835 vidente.

336 851 440 893 Super
470 852 568 882 tercio
597 852 731 882 articulo
756 852 970 892 interrogatus
996 852 1091 891 dixit,
1123 853 1209 893 quod
1234 854 1301 893 ipse
1326 855 1416 884 testis
1440 854 1498 884 fuit
1527 865 1656 895 presens
1685 856 1716 885 in
1745 855 1881 886 ecelesia

228 904 314 934 beati
338 904 425 934 Petri
451 903 491 933 de
516 903 614 943 Urbe,
640 903 766 943 quando
792 903 894 933 dictus
918 903 1099 934 Ludovieus
1124 904 1230 934 extitit
1254 908 1432 935 coronatus.
1479 905 1520 935 Et
1543 905 1710 936 dicebatur
1733 907 1776 936 ibi
1801 907 1881 946 pub-

229 956 288 986 lice
314 958 346 986 01
370 966 427 996 per
452 965 562 985 01111105
587 955 779 987 comuniter.
811 955 897 996 quod
926 955 1057 996 quidam
1089 956 1139 996 qui
1167 960 1239 985 tune
1265 955 1451 986 celebrabat
1474 958 1601 987 missam
1624 959 1653 987 in
1678 958 1769 988 altari
1795 958 1881 988 beati

227 1008 327 1047 Petri,
353 1010 422 1037 erat
446 1007 614 1047 episcopus
639 1006 840 1037 castellanus
867 1018 923 1037 seu
948 1006 1173 1037 Yeneciarum.
1222 1006 1451 1037 Verumtamen
1482 1012 1613 1048 propter
1640 1019 1819 1048 pressuram
1850 1012 1881 1040 et

228 1058 466 1089 multitudinem
490 1058 638 1098 gencium
663 1068 724 1087 non
750 1058 854 1098 potuit
884 1058 943 1088 1100
973 1058 1067 1098 plene
1098 1057 1263 1088 dicernere
1293 1069 1351 1089 nee
1380 1069 1452 1089 eum
1483 1059 1564 1088 bene
1590 1070 1794 1099 cognoscere.
1840 1060 1881 1090 Et

231 1111 269 1141 de
294 1110 447 1151 predictis
472 1109 552 1140 dixit
576 1119 646 1139 0550
672 1110 791 1140 famam
817 1109 977 1150 publicam
1003 1110 1032 1139 in
1057 1109 1145 1140 I'rbe
1171 1112 1202 1139 et
1226 1110 1304 1140 loeis
1329 1111 1567 1140 circumvicinis.

337 1188 364 1214 ὃ.
401 1183 575 1214 Ν1011010115
600 1182 712 1212 Cbarsi
737 1183 812 1212 civis
836 1182 972 1212 Pisanus
1001 1183 1090 1212 testis
1121 1183 1241 1213 iuratus
1271 1182 1376 1213 dicere
1402 1183 1570 1213 veritatem
1601 1186 1632 1213 et
1663 1183 1763 1223 primo
1787 1194 1883 1224 super

230 1236 332 1277 primo
358 1235 492 1265 articulo
518 1234 690 1275 diligenter
713 1235 929 1275 interrogatus
954 1234 1048 1267 dixit.
1078 1233 1163 1274 quod
1193 1234 1268 1264 licet
1297 1234 1364 1274 ipse
1390 1244 1451 1263 non
1475 1234 1590 1263 viderit
1614 1234 1732 1265 dictum
1759 1236 1881 1276 episco-

228 1298 305 1328 pum
328 1286 545 1317 Castellanum
572 1296 643 1316 cum
675 1286 759 1316 dicto
785 1286 949 1316 Ludos-ico
980 1286 1018 1316 dc
1048 1286 1181 1316 ssavaria
1210 1287 1239 1315 in
1270 1286 1398 1316 civitate
1426 1285 1544 1315 Pisana
1572 1296 1629 1326 pro
1660 1296 1696 1315 eo
1727 1287 1799 1327 (11110
1830 1286 1881 1317 (110

228 1349 291 1379 qua
315 1337 498 1369 Ludovicus
526 1337 688 1377 predictus
717 1338 817 1377 ipsam
849 1338 1011 1367 civitatem
1042 1338 1184 1370 intravit.
1217 1337 1283 1377 ipse
1313 1337 1401 1367 testis
1432 1341 1563 1377 propter
1591 1337 1762 1367 adventum
1791 1349 1882 1368 suum

228 1391 375 1420 exiverat
399 1389 438 1419 dc
464 1389 593 1419 civitate
619 1388 773 1429 predicta,
799 1392 906 1419 tamen
932 1388 1095 1429 publicum
1121 1393 1189 1419 erat
1213 1390 1242 1418 in
1269 1388 1353 1418 dicta
1379 1389 1506 1418 civitate
1538 1392 1569 1419 et
1594 1389 1689 1419 etiam
1714 1389 1882 1425 notorium,

227 1441 312 1482 quod
337 1440 439 1471 dictus
464 1440 632 1480 episcopus
656 1440 858 1470 Castellanus
884 1439 942 1470 fuit
966 1441 995 1470 in
1026 1439 1192 1470 obsidione
1224 1440 1307 1469 dicte
1336 1440 1472 1470 civitatis
1500 1450 1570 1469 eum
1599 1439 1683 1470 dicto
1708 1440 1881 1471 Ludovieo.

230 1492 271 1522 Et
295 1496 364 1522 erat
388 1492 474 1522 fama
498 1492 527 1521 in
553 1491 697 1532 partibus
722 1492 792 1523 illis.
817 1491 901 1532 quod
927 1502 997 1522 01111]
1025 1502 1063 1521 00
1088 1492 1217 1521 intravit
1242 1492 1404 1521 civitatem
1426 1491 1576 1522 Pisanam
1602 1496 1633 1522 et
1658 1491 1701 1521 ibi
1726 1491 1783 1522 fuit
1807 1502 1881 1522 con-

228 1544 315 1573 tinue
342 1554 412 1573 cum
438 1542 553 1573 eodem
582 1543 804 1583 participamlo
838 1554 906 1573 eum
938 1554 975 1573 00
1006 1547 1037 1573 et
1069 1544 1175 1583 sepius
1200 1542 1358 1572 visitando
1388 1542 1525 1573 eundem
1550 1542 1672 1583 sibique
1696 1542 1882 1574 adherendo

228 1598 260 1625 et
285 1594 473 1625 assistendo.
506 1595 597 1624 Dixit
622 1595 728 1625 etiam.
754 1594 838 1634 quod
863 1605 934 1625 cum
961 1595 1049 1625 testis
1075 1595 1142 1634 ipse
1168 1593 1343 1624 custodiret
1367 1598 1490 1634 partem
1516 1594 1651 1624 civitatis
1669 1594 1786 1624 Pis-ane
1811 1605 1882 1624 cum

228 1647 323 1677 certis
347 1646 530 1676 hominibus
554 1647 699 1676 armatis.
724 1646 846 1676 audivit
871 1657 888 1676 a
913 1646 983 1686 plus
1009 1657 1103 1686 (1110111
1129 1651 1256 1676 eentum
1281 1645 1435 1685 personis,
1461 1645 1546 1685 quod
1572 1656 1609 1676 eo
1635 1649 1794 1686 tempore,
1820 1656 1881 1686 quo

227 1697 410 1728 Ludovieus
429 1702 498 1727 erat
510 1698 540 1727 in
560 1697 725 1727 obsidione
740 1698 875 1727 civitatis
890 1697 1044 1738 predicte,
1067 1698 1210 1738 prefatus
1226 1698 1395 1737 episcopus
1414 1700 1482 1726 crat
1500 1698 1648 1727 continue
1667 1708 1737 1728 cum
1756 1697 1880 1728 eodem.

339 1748 441 1789 Super
465 1749 535 1779 aliis
559 1749 698 1779 articulis
723 1748 812 1781 dixit,
837 1749 922 1789 quod
947 1760 1017 1779 cum
1042 1749 1144 1779 dietus
1168 1748 1350 1779 Ludovicus
1375 1748 1479 1778 eundo
1505 1759 1614 1778 versus
1634 1749 1756 1779 Urbem
1781 1753 1881 1779 trans-

231 1800 290 1830 iret
314 1810 414 1840 prope
440 1801 601 1831 civitatem
627 1799 871 1834 Grossctanam,
905 1801 973 1841 ipse
999 1801 1088 1831 testis
1113 1805 1182 1830 erat
1210 1801 1240 1830 in
1265 1800 1392 1829 civitate
1418 1800 1487 1840 ipsa
1511 1804 1543 1830 et
1567 1799 1692 1840 publice
1718 1800 1883 1830 dicebatur

231 1854 263 1881 et
287 1852 445 1881 notorium
471 1855 540 1882 erat
564 1852 693 1885 ibidem,
719 1851 803 1892 quod
821 1852 907 1882 idem
926 1853 1094 1892 episcopus
1112 1851 1266 1882 transibat
1289 1862 1358 1882 cum
1381 1851 1464 1882 dicto
1482 1851 1646 1881 Ludovieo
1672 1855 1703 1881 et
1728 1852 1794 1882 ibat
1810 1862 1881 1882 cum

232 1912 270 1932 00
294 1902 334 1932 ad
358 1902 469 1933 urbem
495 1903 675 1933 Romanam
701 1908 732 1933 et
756 1914 825 1933 cum
852 1914 889 1933 00
915 1904 1089 1933 intraverat
1114 1902 1233 1933 Urbem
1259 1903 1446 1943 predictam.

338 1978 366 2005 9.
403 1975 564 2006 Iohannes
589 1976 749 2016 quondam
774 1976 903 2007 Baldeti
928 1976 967 2006 de
992 1976 1141 2006 Menania
1166 1975 1302 2006 diocesis
1320 1974 1494 2016 Spoletaue
1519 1975 1609 2005 testis
1633 1975 1752 2005 iuratus
1777 1974 1882 2005 dicere

230 2027 398 2056 veritatem
424 2030 455 2057 et
479 2027 581 2067 primo
607 2038 702 2068 super
726 2028 828 2068 primo
853 2028 987 2058 articulo
1013 2028 1107 2061 dixit,
1133 2027 1218 2068 quod
1242 2028 1310 2067 ipse
1335 2027 1424 2057 testis
1449 2025 1526 2056 vidit
1552 2026 1669 2056 dictum
1696 2027 1881 2066 episcopum

230 2077 448 2108 Castellanum
472 2079 502 2108 in
528 2079 672 2108 exercitu
696 2079 832 2119 predicti
848 2079 1004 2109 Ludoviei
1029 2079 1068 2110 de
1087 2079 1223 2109 Bavaria
1249 2089 1286 2108 eo
1312 2082 1468 2118 tempore,
1495 2088 1556 2118 quo
1583 2077 1684 2108 dictus
1702 2077 1881 2107 Ludovicus

229 2131 298 2158 0101
321 2129 351 2158 in
376 2128 544 2160 obsidione
569 2130 707 2160 civitatis
730 2129 857 2161 Pisane.
897 2130 937 2160 Et
961 2137 1131 2170 postquam
1157 2129 1258 2159 dictus
1282 2129 1464 2160 Ludovicus
1488 2129 1616 2158 intravit
1640 2129 1801 2159 civitatem
1827 2128 1880 2158 Pi-

228 2190 347 2215 50110111,
373 2180 450 2210 vidit
475 2181 576 2220 ipsum
602 2181 786 2222 episcopum
812 2182 843 2211 in
867 2182 996 2212 civitate
1019 2181 1172 2221 predicta.
1204 2181 1293 2211 Dixit
1321 2181 1418 2210 etiam
1436 2181 1594 2210 notorium
1613 2190 1681 2210 esse
1700 2183 1731 2209 et
1752 2178 1881 2221 [fame]g

228 2230 356 2271 publice
384 2232 414 2261 in
439 2232 568 2262 civitate
593 2232 737 2272 predicta
769 2236 801 2263 et
829 2233 905 2263 locis
930 2233 1174 2271 circumvicinis,
1207 2232 1292 2272 quod
1317 2233 1384 2272 ipse
1409 2232 1578 2272 episcopus
1602 2232 1688 2261 venit
1713 2241 1783 2260 01111]
1807 2240 1879 2270 pre-

231 2281 314 2312 dicto
344 2283 506 2314 Ludovico
535 2283 575 2314 ad
600 2284 718 2314 dictam
742 2284 903 2315 civitatem
928 2284 1079 2314 Pisanam
1104 2288 1136 2314 et
1165 2294 1235 2314 cum
1267 2294 1305 2313 eo
1336 2283 1393 2313 fuit
1418 2282 1537 2312 ibidem
1560 2281 1747 2312 adherendo
1775 2281 1879 2311 eidem

231 2336 263 2363 et
287 2334 506 2375 participando
532 2345 603 2365 cum
628 2336 707 2376 ipso.

337 2385 441 2426 Super
469 2386 538 2416 aliis
566 2387 707 2417 articulis
736 2387 815 2417 dixit
845 2398 914 2418 esse
945 2387 1029 2418 fame
1058 2387 1185 2427 publice
1214 2387 1245 2416 in
1274 2386 1402 2416 civitate
1427 2386 1545 2416 Pisana
1574 2387 1606 2415 et
1635 2383 1777 2424 partibus
1808 2383 1878 2418 illis,

231 2435 317 2475 quod
341 2436 426 2466 idem
452 2438 622 2478 episcopus
647 2442 773 2468 secutus
798 2438 856 2468 fuit
881 2438 1001 2468 dictum
1026 2438 1224 2468 Ludovicum
1252 2447 1353 2477 usque
1383 2436 1423 2466 ad
1452 2437 1613 2466 civitatem
1639 2434 1817 2465 Romanam
1848 2437 1879 2464 et

230 2487 273 2516 ibi
297 2487 356 2517 fuit
380 2498 450 2518 cum
475 2489 543 2528 ipso
556 2490 576 2518 1.

333 2648 398 2675 408.
427 2650 451 2681 Β)
471 2652 561 2676 ε.ιἰ’ἱ(ἰὶί
580 2660 617 2676 or.

335 2734 358 2765 1)
378 2733 532 2765 Sequuntur
551 2735 792 2760 antln‘›1t1'cationes
812 2735 988 2761 notarim-zon.
1008 2743 1075 2767 quas
1094 2735 1137 2760 laic
1156 2735 1299 2760 omisimus.
