2205 3025
174 692 195 708 10

472 129 567 155 ACTA
587 128 700 156 REGNI
720 129 901 157 LUDEWICI
922 130 967 156 lV.
988 130 1032 156 ΕΤ
1052 130 1235 156 FRIDERICI
1256 130 1302 156 ΙΙΙ.
1341 131 1416 156 1325.
1454 131 1501 157 Nr.
1516 132 1556 158 81.
1575 132 1617 158 32.
1824 136 1862 163 57

324 218 352 245 3.
378 216 515 251 Qualem
541 220 647 247 autem
673 216 714 247 ad
738 216 869 247 fratrem
898 220 986 247 tuum
1012 217 1190 257 predictum
1222 221 1296 247 ante
1324 217 1547 248 liberationem
1577 218 1645 247 eius
1672 219 1865 259 gesserimus

217 267 358 298 animum
387 268 556 308 qualemve
586 279 626 298 cx
656 278 718 309 quo
748 269 853 298 extitit
880 268 1047 305 liberatus,
1077 279 1117 299 ex
1146 267 1261 300 oblatis
1291 279 1348 309 per
1376 279 1433 299 nos
1462 269 1519 299 tibi
1549 272 1580 300 et
1609 271 1669 299 tuis
1694 270 1809 300 nuntiis
1833 274 1865 300 ct

216 319 330 349 litteris
348 319 534 350 destinatisl
559 324 646 350 tuam
672 319 829 350 credimus
852 320 1055 360 prudentiam
1080 320 1204 360 plenius
1221 320 1435 351 informatam.
1476 320 1645 356 Quomodo
1669 324 1775 351 autem
1799 324 1863 352 tam

216 370 246 399 in
280 370 468 401 liberatione
500 372 568 411 ipsa
602 381 697 412 quam
731 374 844 412 postea
873 374 1013 401 nostram
1049 374 1080 401 ct
1115 372 1290 411 apostolice
1321 371 1406 402 sedis
1437 373 1573 412 gratiam
1607 383 1797 403 conservare
1828 384 1864 403 ac

217 422 406 462 ampliorem
432 422 588 453 studuerit
611 423 797 462 promereri.
826 433 887 463 que
917 423 1016 462 gessit
1045 423 1074 452 in
1104 423 1172 462 ipsa
1197 422 1386 453 liberatione
1411 434 1447 453 ac
1472 427 1583 463 postea
1608 427 1640 454 et
1664 434 1725 464 que
1749 435 1863 465 gerere

215 477 247 503 et
271 484 442 513 procurare
468 474 615 504 continue
640 484 700 504 non
719 474 846 509 omittit,
871 474 930 504 hee
947 479 1082 514 arguunt
1107 484 1168 514 que
1186 474 1302 504 scimus
1320 478 1405 504 tuam
1423 474 1656 514 providentiam
1673 486 1735 505 non
1752 475 1863 506 latere.

214 524 249 554 In
275 526 344 565 ipsa
368 525 496 565 quidem
522 525 712 555 liberatione
740 535 811 555 cum
844 525 934 555 hoste
959 525 1019 555 Dei
1049 528 1080 555 ct
1109 529 1314 565 persecutore
1344 526 1478 556 ecclesie
1509 526 1682 557 execrabili
1712 527 1804 558 fedus
1833 535 1865 561 et

215 577 387 607 amicitiam
419 577 579 617 copulavit
608 582 639 606 et
667 577 796 616 insuper
825 576 865 606 ad
893 576 1143 607 contrahendum
1174 577 1373 616 parentelam
1405 588 1474 607 cum
1505 578 1574 618 ipso
1606 582 1715 609 contra
1745 583 1864 612 statuta

216 638 372 658 canonum
402 639 434 658 se
463 629 589 658 astrixit
613 638 670 658 nee
695 627 754 657 hiis
779 631 946 657 contentus
970 631 1000 657 te
1025 627 1203 668 fratresque
1229 631 1309 663 tuos,
1335 632 1487 668 quantum
1513 630 1541 658 in
1568 640 1605 659 eo
1631 630 1699 667 fuit,
1723 642 1741 661 a
1766 632 1863 662 devo-

216 680 301 709 tione
327 683 433 710 nostra
457 679 608 710 subduxit
637 684 668 709 et
693 679 828 709 ecclesie
858 682 889 709 et
918 679 962 708 illi
994 682 1047 708 tuo
1077 679 1226 719 singulari
1261 680 1367 709 emulo
1397 691 1453 710 nos
1478 682 1670 721 coniungere
1696 682 1863 723 laboravit⁷

214 732 460 761 communitates
496 735 527 761 et
563 731 720 771 principes
755 730 795 760 ad
831 731 898 760 eius
933 730 1150 760 obedientiam
1187 730 1291 760 verbis
1326 736 1357 760 et
1389 731 1502 761 litteris
1535 732 1756 764 nichilominus
1791 745 1863 775 per-

215 781 371 812 trahendo
397 783 564 822 ipsumque
590 781 782 812 nominando
806 791 914 821 regern
948 787 979 811 et
1002 792 1091 811 suum
1118 781 1280 811 dominum
1312 792 1349 812 ac
1375 782 1479 813 eidem
1504 783 1641 814 favendo
1667 788 1698 815 et
1722 787 1864 817 totaliter

215 832 411 866 adherendo,
437 844 496 863 non
522 833 690 863 attendens
714 833 865 873 pericula,
891 843 952 873 que
979 843 1036 873 per
1060 844 1226 872 processus
1251 838 1374 863 nostros
1404 835 1564 865 incurrunt
1595 836 1670 866 talia
1700 838 1863 869 facientes.

322 887 349 914 4.
375 884 495 914 Rursus
512 885 536 914 si
554 883 724 923 diligenter
741 884 924 918 attenderis,
943 888 1095 924 quantum
1113 885 1216 924 ipsum
1235 888 1306 924 post
1323 885 1544 917 liberationem
1563 889 1719 927 repereris
1734 890 1863 924 varium,

184 947 193 963 f·
214 947 252 966 ne
277 936 420 966 dieamus
444 936 642 968 mendosum.
670 935 739 966 vide
764 940 916 976 quantum
942 946 998 965 nos
1023 939 1053 965 ct
1078 939 1110 965 tu
1135 935 1175 966 de.
1200 948 1237 966 eo
1263 936 1431 968 confidere.
1458 948 1552 977 quam
1577 938 1629 968 diu
1655 940 1684 968 in
1710 940 1768 970 hiis
1792 952 1864 982 per-

214 987 343 1018 stiterit.
375 986 551 1020 valoainus,
585 997 655 1016 eum
687 987 815 1017 indubie
840 997 1070 1027 supponamus,
1104 987 1188 1027 quod
1217 987 1256 1017 ‹le
1282 988 1354 1021 hiis,
1387 999 1449 1028 que
1474 990 1556 1019 inter
1579 990 1664 1029 ipsos
1689 996 1758 1021 acta
1784 998 1864 1031 sunt,

214 1038 353 1069 nonduin
379 1038 435 1067 tibi
461 1039 622 1078 apercrint
647 1039 823 1069 veritatem.
876 1038 1015 1078 Liuguas
1045 1038 1200 1078 siquidem
1233 1050 1306 1069 suas
1339 1043 1401 1069 tam
1428 1040 1582 1070 liberatus
1607 1052 1700 1081 quam
1728 1042 1866 1074 liberans

215 1090 361 1121 videntur
378 1089 523 1120 docuisse
542 1089 629 1130 loqui
647 1089 870 1119 mendas-ium2
895 1094 926 1119 et
951 1094 984 1119 ut
1008 1090 1115 1130 iniqua
1134 1094 1319 1130 perpetrent
1337 1092 1533 1121 emivenisse.
1572 1091 1750 1132 Propterea
1775 1105 1864 1125 suum

214 1142 359 1173 fecerunt
383 1142 650 1173 conventiculum.
677 1141 822 1172 omnibus
847 1142 910 1171 suis
934 1142 1121 1172 necessariis
1146 1143 1367 1181 pretermissis,
1393 1143 1531 1173 contenti
1558 1143 1632 1173 solis
1656 1145 1719 1173 suis
1744 1145 1866 1175 duobus

171 1206 182 1222 «ι
215 1194 459 1227 confessoribus,
485 1192 599 1233 quibus
624 1192 729 1223 forsan
748 1193 853 1222 omnia
878 1203 937 1223 non
957 1193 1144 1233 panderunt.
1192 1193 1263 1223 He«¹
1281 1194 1364 1223 enim
1390 1194 1511 1224 liabent
1529 1205 1678 1234 perversa
1695 1201 1867 1227 tractantes

214 1246 388 1286 proprium,
414 1250 446 1275 ut
470 1245 573 1275 lucem
598 1244 708 1274 odiant
732 1255 789 1274 uec
814 1244 854 1274 ad
879 1245 981 1274 lucem
1007 1244 1143 1274 libenter
1161 1245 1299 1282 veniant.
1324 1256 1362 1275 ne
1388 1246 1469 1275 forte.
1495 1257 1551 1276 sua
1568 1257 1666 1286 opera
1683 1251 1865 1287 arguantur.

324 1300 351 1327 ὖ.
383 1296 496 1326 Deduc
521 1297 628 1336 itaque
653 1296 694 1325 tili
721 1306 893 1336 quesumus
919 1297 1073 1335 premissa
1098 1297 1200 1326 omnia
1232 1297 1260 1326 in
1287 1297 1473 1327 consistorio
1499 1298 1628 1327 rationis
1654 1298 1770 1339 illaque
1796 1299 1865 1329 dili-

214 1354 327 1390 genter
360 1349 509 1379 examina
538 1358 647 1377 eorum
676 1347 769 1377 finem
801 1349 1012 1388 pr‹1›spi‹·iens,
1045 1352 1079 1378 ut
1111 1352 1241 1388 paratos
1274 1348 1329 1378 tibi
1366 1348 1497 1389 laqueos
1522 1349 1629 1378 valeas
1658 1350 1777 1381 evitare
1809 1361 1866 1380 nee

215 1411 324 1431 corum
350 1400 481 1430 consilia
506 1399 655 1429 verearis.
709 1399 883 1438 Spei-amus
912 1399 995 1429 enim
1027 1399 1055 1428 in
1089 1399 1240 1431 Domino.
1269 1400 1354 1440 quod
1386 1401 1453 1440 ipsc
1483 1400 1536 1429 illa
1563 1400 1648 1430 velut
1680 1412 1777 1431 exosa
1807 1402 1865 1431 sibi

170 1463 194 1480 25·
214 1453 328 1482 merito
359 1451 533 1492 dissipabit.
590 1450 705 1481 Perstat
737 1451 833 1490 igitur
866 1451 907 1481 fili
944 1451 971 1480 in
1003 1452 1102 1492 ceptis
1130 1456 1192 1481 tam
1224 1451 1438 1483 laudabiliter.
1500 1452 1600 1482 Nobis
1628 1453 1710 1482 enim
1742 1453 1867 1483 videtur

171 1720 195 1737 30

171 2127 194 2145 :15

169 2384 194 2401 41}

170 2674 194 2692 45

215 1503 358 1541 indubie,
388 1502 473 1543 quod
499 1503 647 1532 continue
677 1514 695 1531 a
720 1513 775 1531 suo
801 1503 964 1542 proposito
990 1513 1022 1532 sc
1049 1503 1201 1543 elongent
1225 1503 1375 1544 quodque
1402 1508 1433 1534 ut
1459 1504 1488 1533 in
1514 1504 1658 1539 foveam„
1689 1514 1783 1544 quam
1810 1505 1865 1535 tibi

215 1561 245 1585 ct
273 1556 343 1585 aliis
373 1554 522 1584 fidelibus
552 1558 757 1594 paraverunt.
790 1554 944 1588 incidant,
970 1566 1003 1582 se
1034 1554 1203 1594 disponant
1233 1565 1270 1585 ac
1300 1555 1435 1585 bonore.
1467 1566 1560 1595 quom
1591 1556 1734 1585 ambiunt
1763 1557 1865 1596 impu-

215 1607 328 1637 denter
352 1616 528 1637 assumere.
554 1605 708 1635 carebunt
732 1606 845 1635 merito
871 1610 903 1635 et
927 1605 1053 1638 habitis,
1079 1606 1101 1635 si
1128 1617 1207 1646 quos
1232 1606 1363 1638 liabent,
1389 1606 1538 1639 reddent,
1564 1607 1586 1635 si
1614 1608 1642 1636 in
1668 1608 1769 1647 vepris
1794 1618 1865 1647 per-

214 1659 361 1689 stiterint.
386 1668 419 1688 se
445 1657 600 1697 indignos.

326 1710 441 1740 Durum
467 1709 661 1743 Arinioiu'e)5
686 1708 759 1738 Vll.
779 1708 849 1738 Kal.
878 1709 1021 1749 Augusti,
1047 1720 1128 1738 anno
1154 1720 1246 1739 nono.

429 1840 488 1875 82.
531 1841 684 1875 Lillrsrrw
712 1842 758 1873 «A
788 1841 991 1873 Hem-imme
1026 1842 1143 1873 dmum
1175 1841 1392 1875 Isto-inflans.
1501 1841 1569 1874 lul.
1590 1845 1650 1874 ,2²02

325 1915 423 1953 Copia,
448 1918 497 1952 (e.)
525 1914 632 1945 ibidem
659 1917 729 1945 lom.
750 1916 813 1943 1155
835 1913 888 1951 fol.
907 1916 957 1944 -32‘
983 1916 1118 1946 ›22:104.
1157 1914 1332 1955 Descripsit
1352 1915 1390 1945 ll.
1410 1914 1605 1953 Paucas-«lm.
1631 1933 1671 1936 ῌ
1699 1915 1866 1946 Im'zlilam.

324 1973 396 2013 Jo’egl.
421 1973 530 2011 Lo‘lwr,
554 1973 570 2003 Ζ.
589 1986 612 2004 ι’.
634 1975 746 2012 ]).,21]ὄ
771 1985 817 2004 ter.
837 1974 914 2008 310,-
938 1973 1228 2012 P)‘esser-Reiulcens
1248 1985 1279 2013 J).
1303 1975 1359 2003 ΙΝ]
1384 1985 1431 2004 ur.
1449 1976 1522 2004 24⁷4.

322 2064 384 2095 Dil.
410 2065 451 2094 til.
477 2064 574 2094 nobili
599 2065 664 2095 viro
690 2064 830 2095 Hem-ico
856 2064 927 2094 duci
953 2065 1126 2095 Carintbie.

323 2115 443 2155 Cepisti
468 2115 511 2145 fili
536 2118 644 2145 actore
669 2115 738 2146 Deo
764 2115 820 2145 sub
850 2115 930 2155 signi
955 2115 1056 2145 felicis
1080 2116 1221 2155 auspicio
1251 2123 1361 2146 etmtra
1386 2123 1477 2145 notos
1503 2115 1558 2145 tibi
1584 2115 1781 2146 execrandos
1807 2117 1863 2145 im-

215 2175 306 2208 petus
331 2171 362 2197 et
387 2170 517 2197 conatus
540 2167 680 2207 ipsarum
700 2167 835 2206 partium
861 2167 918 2196 sub
936 2167 1092 2196 Altissimi
1117 2166 1251 2197 dextera
1276 2167 1445 2197 laudanter
1461 2167 1609 2197 assistere
1629 2166 1681 2197 dil.
1699 2167 1740 2196 fil.
1767 2167 1861 2197 nobili

214 2220 280 2249 viro
306 2218 452 2258 liupoldo
478 2218 549 2248 duci
577 2219 703 2248 Austrie
728 2219 835 2258 nepoti
861 2221 931 2253 tuo,
956 2219 1054 2248 immo
1079 2218 1170 2248 nobis
1195 2219 1224 2248 in
1250 2220 1318 2260 ipso
1344 2222 1378 2248 ut
1401 2218 1556 2258 spirituali
1587 2219 1667 2258 patri
1699 2222 1731 2248 et
1755 2222 1862 2248 sancte

214 2271 359 2301 Romane
385 2270 519 2300 ecclesie
546 2270 637 2299 matri
662 2273 724 2299 tue.
778 2269 942 2310 Rogamus
967 2270 1062 2310 igitur
1085 2270 1315 2311 no(bilitatem)
1340 2274 1425 2300 tuam
1457 2274 1488 2300 et
1512 2269 1686 2300 affectuose
1712 2274 1862 2310 quantum

214 2333 381 2363 possumus
405 2320 622 2354 exhortamur,
648 2322 796 2361 quatinus
820 2322 921 2361 ceptis
946 2321 1126 2351 huiusmodi
1152 2327 1395 2361 perseveranter
1419 2322 1562 2351 insistas²²
1585 2322 1692 2361 sieque
1717 2321 1861 2351 laudabi-

214 2374 344 2404 lioribus
368 2383 497 2413 semper
520 2372 717 2402 successibus
740 2372 888 2402 inchoata
913 2373 1086 2403 continues.
1111 2372 1196 2413 quod
1220 2377 1328 2413 preter
1351 2372 1456 2403 divine
1473 2373 1690 2403 retributionis
1707 2373 1862 2412 premium

215 2436 272 2455 nos
297 2429 328 2455 ct
353 2424 510 2464 prefatam
537 2423 705 2454 ecclesiam
730 2427 864 2454 matrem
893 2428 979 2454 tuam
1005 2423 1188 2463 dictumque
1212 2424 1395 2465 Lupoldum
1426 2434 1462 2454 ac
1488 2424 1540 2454 dil.
1567 2424 1608 2453 fil.
1633 2423 1755 2453 nobiles
1780 2424 1862 2452 viros

214 2477 394 2507 Albertum.
418 2475 593 2505 Heuricum
619 2478 651 2505 et
668 2474 819 2505 Ottonem
846 2475 943 2505 duces
960 2476 1089 2505 Austric
1114 2476 1259 2505 similiter
1282 2480 1416 2516 nepotes
1434 2478 1503 2505 tuos
1522 2485 1612 2505 versa
1630 2475 1697 2504 vice
1722 2474 1862 2513 reperias

215 2528 254 2559 ad
280 2531 334 2558 tua
359 2527 491 2557 servicia
518 2530 715 2567 preparatos.

322 2578 439 2609 Datum
464 2578 660 2617 Avinion(‹›)‚
686 2578 759 2608 VH.
778 2577 849 2608 Kal.
874 2579 1021 2619 Augusti,
1047 2589 1128 2608 anno
1153 2589 1245 2608 nono.

317 2667 363 2693 82.
392 2670 415 2692 ²⁴>
435 2670 535 2693 insistat
554 2678 573 2693 c.

320 2737 343 2767 l)
365 2736 456 2769 Sapra
478 2744 517 2761 nr.
532 2740 571 2762 55.
592 2740 632 2762 56.
651 2740 688 2762 Go'.
778 2737 802 2762 *2*i
824 2736 917 2762 Imm.
935 2742 956 2762 ν,
971 2740 991 2760 ,3.

316 2805 353 2823 1.1..
369 2805 592 2823 (ONSTchrloxl-:s
607 2805 642 2822 VI.
