2205 3025
149 708 174 726 10

147 1219 172 1238 20

148 1501 172 1520 25

149 1757 173 1776 30

149 2039 173 2057 35

147 2329 172 2347 ⁴0

460 132 555 175 ACTA
574 148 687 175 REGNI
706 149 889 176 LL'DEWICI
910 150 956 176 IV.
977 150 1023 176 ET
1044 150 1226 176 FRIDERICI
1246 150 1293 176 III.
1332 150 1406 177 1327.
1444 149 1491 176 ΝΥ.
1504 151 1563 177 351,
1778 152 1839 182 259

302 235 338 265 In
363 236 488 265 nomine
512 235 641 265 Domini
666 245 770 266 amen.

300 285 350 316 Ex
374 286 434 316 hoc
458 285 585 326 publico
608 286 817 317 instrumento
836 288 876 317 sit
892 288 1106 327 manifestum,
1132 287 1217 329 quod
1239 287 1385 318 dominus
1404 288 1564 319 Corradus
1582 289 1621 320 de
1639 288 1732 320 Scala
1748 289 1844 320 miles·v

193 336 448 367 ultramontanus
479 337 614 367 vicarius
642 340 677 367 ut
705 337 833 368 dicebat
862 337 982 368 domini
1006 337 1130 369 Alberti
1159 338 1312 369 Humulia
1340 339 1379 369 de
1411 339 1610 380 Lictimburg
1639 340 1840 371 mariscalchi

193 387 386 418 serenissimi
416 388 566 427 principis
587 387 706 417 domini
735 388 893 418 Ludovici
921 388 1027 419 divina
1057 390 1161 430 gratia
1188 389 1412 421 Romanorum
1437 391 1521 432 regis
1546 401 1674 432 semper
1703 392 1840 432 augusti,

192 448 274 469 nunc
303 439 469 469 existentis
493 439 523 469 in
552 439 680 469 civitate
704 438 823 469 Pisana
847 443 878 469 et
902 441 932 469 in
957 440 1101 470 eiusdem
1126 441 1263 471 civitatis
1288 441 1441 476 dominio,
1471 443 1610 473 existens
1634 443 1665 473 in
1689 443 1759 473 loco
1784 454 1841 474 seu

192 493 350 520 conventu
378 490 511 520 fratrum
535 490 773 520 Heremitarum
804 491 905 521 sancti
934 491 1105 531 Augustini
1135 491 1174 522 de
1204 492 1287 522 Pisis
1317 503 1389 523 cum
1418 494 1529 531 armis,
1559 495 1741 525 convocatis
1764 506 1782 525 a
1806 505 1841 525 se

191 541 342 572 fratribus
371 541 446 572 dicti
477 544 651 572 conventus
684 541 810 581 publice
839 541 1003 572 mandavit
1034 543 1155 573 eisdem
1187 544 1380 574 auctoritate
1406 547 1438 574 et
1468 546 1596 576 nomine
1625 546 1840 586 predictorum

191 592 391 623 dominorum
421 592 576 623 Ludovici
608 592 692 633 regis
721 596 752 622 et
777 593 902 623 Alberti
934 593 1126 629 mariscalci,
1158 593 1306 624 baculum
1336 605 1431 635 quem
1463 595 1606 627 habebat
1634 598 1664 627 in
1694 597 1842 628 manibus

190 644 348 674 minacem
372 643 536 683 vibrando,
561 643 647 684 quod
665 643 760 673 iidem
786 644 901 674 fratres
919 654 1029 674 omnes
1047 648 1079 675 et
1095 645 1209 685 singuli
1234 645 1309 675 dieti
1329 650 1504 677 conventus
1525 647 1723 679 dimitterent
1743 649 1839 678 inter-

193 695 326 734 dictum,
352 695 437 736 quod
462 698 614 736 ceperant
638 694 842 729 observareh,
875 698 907 725 et
935 695 1137 726 celebrarent
1160 697 1273 726 missas
1298 700 1329 727 et
1361 698 1423 728 alia
1451 698 1558 729 divina
1586 699 1691 730 officia
1721 701 1842 740 apertis

192 747 296 777 ianuis
320 750 352 777 et
376 746 441 777 alta
465 756 544 777 voce
569 747 733 783 continue,
762 750 797 776 nt
827 745 975 777 solebant
998 750 1073 777 ante
1098 747 1173 778 dicti
1198 747 1318 778 domiui
1349 749 1433 789 regis
1465 750 1650 789 adventum,
1683 752 1842 782 sententia

191 797 336 838 qualibet
359 798 517 829 contraria
541 808 602 828 non
627 797 784 828 obstante.
831 798 922 828 Alias
946 798 1086 838 predixit
1110 799 1155 829 eis
1179 802 1290 839 aperte
1316 810 1356 829 ex
1381 804 1471 840 parte
1497 802 1713 841 predictorum
1738 803 1839 834 domi-

190 859 302 880 norum
327 850 411 890 regis
435 852 467 879 et
490 848 678 885 mariscalciq
703 848 788 890 quod
806 849 859 889 qui
884 848 1087 879 interdictum
1112 853 1255 880 servaret
1280 861 1319 881 ex
1338 851 1488 882 fratribus
1510 853 1710 893 supradietis,
1735 855 1840 895 eapite

191 900 409 931 mutilaretur⁰
439 901 489 931 vel
520 900 690 941 suspendio
722 899 922 931 occideretur
952 900 1003 930 vel
1032 901 1063 930 in
1097 901 1227 931 fluvium
1262 901 1302 932 ad
1332 907 1468 933 mortem
1498 904 1749 945 demergeretur.
1799 905 1842 936 Et

163 952 251 982 zhec
284 951 441 983 haberent
475 951 688 982 indubitatum
722 952 883 982 effectum.
940 951 980 981 Er
1012 951 1120 982 taliter
1152 963 1203 983 me
1240 954 1398 983 notarium
1434 954 1670 996 infrascriptum
1702 957 1841 988 scribere

190 1003 363 1034 mandavit.

297 1055 413 1085 Actum
427 1054 509 1085 Pisis
526 1055 557 1084 in
575 1054 713 1094 capitulo
731 1054 903 1094 supradicti
918 1058 1102 1093 conventus,
1119 1055 1320 1095 presentibus
1337 1056 1451 1086 Gaddo
1470 1062 1502 1088 et
1519 1057 1662 1088 Iohanne
1680 1060 1841 1097 germanis

188 1106 261 1136 filiis
285 1105 445 1147 quondam
463 1106 634 1136 Andreotti
657 1105 697 1136 de
715 1106 880 1136 Galetanis
905 1105 945 1136 de
970 1106 1117 1147 cappella
1134 1107 1235 1137 saneti
1252 1107 1378 1138 Nicolai
1403 1109 1539 1139 testibus
1563 1109 1603 1139 ad
1628 1098 1692 1140 hec
1712 1112 1840 1151 rogatis,

189 1157 347 1189 dominice
375 1158 599 1188 incarnationis
629 1168 711 1188 anno
742 1157 911 1188 millesimo
940 1158 1155 1189 tricentesimo
1184 1159 1340 1199 vigesimo
1374 1163 1501 1197 octavo„
1534 1160 1621 1190 indit.
1640 1161 1702 1200 XI,
1732 1163 1841 1202 quinto

190 1208 266 1240 Idus
291 1209 440 1240 Octobris
464 1208 637 1240 seeundum
662 1219 788 1239 cursum
813 1213 845 1239 et
868 1209 1131 1240 consuetudinem
1157 1210 1358 1240 Pisanorum.

298 1286 378 1317 Cum
407 1286 554 1317 dominus
578 1285 739 1316 Corradus
767 1285 806 1316 de
832 1285 925 1316 Scala
953 1286 1114 1326 predictus
1140 1286 1252 1318 fecerit
1276 1296 1462 1328 preceptum
1489 1292 1521 1318 et
1548 1288 1748 1320 mandaverit
1777 1290 1839 1321 fra-

191 1338 291 1369 tribus
316 1342 347 1369 et
378 1338 545 1369 conventui
575 1338 709 1368 fratrum
732 1337 973 1368 Heremitarum
1005 1339 1106 1368 sancti
1131 1339 1301 1379 Augustini
1331 1339 1371 1370 de
1395 1339 1478 1369 Pisis
1510 1340 1660 1380 predictis
1692 1345 1723 1372 et
1751 1342 1839 1372 fratri

190 1389 335 1420 Mattheo
360 1389 399 1420 de
417 1388 559 1420 Carlctto
585 1390 680 1430 priori
706 1389 781 1419 dieti
798 1394 982 1423 conventus,
1008 1389 1093 1430 quod
1117 1400 1179 1419 uon
1197 1390 1344 1421 obstante
1369 1391 1477 1431 aliquo
1495 1391 1663 1422 interdicto
1682 1393 1840 1424 existente

191 1441 221 1471 in
239 1441 367 1472 civitate
384 1440 503 1471 Pisana
519 1440 607 1471 illato
625 1440 665 1471 ab
681 1440 809 1472 homine
826 1441 876 1471 vel
893 1440 933 1471 ab
951 1441 1018 1471 iure
1036 1440 1177 1471 debeant
1192 1442 1322 1471 missam
1340 1446 1372 1472 et
1388 1443 1452 1472 alia
1469 1442 1575 1473 divina
1592 1442 1700 1474 officia
1723 1445 1842 1484 apertis

191 1493 293 1524 ianuis
310 1496 342 1523 et
366 1492 431 1523 alta
447 1502 524 1523 voce
549 1491 715 1523 celebrare
740 1493 902 1530 continue,
927 1492 1009 1523 sicut
1032 1493 1128 1522 moris
1145 1497 1213 1523 erat
1237 1493 1406 1523 interdicto
1432 1505 1492 1524 non
1518 1495 1676 1525 existente
1702 1496 1731 1525 iu
1757 1495 1842 1526 dicta

192 1545 320 1575 civitate
350 1544 481 1581 Pisana,
512 1543 651 1574 inferens
682 1544 712 1574 in
745 1543 863 1574 dictum
892 1544 1033 1584 priorem
1065 1548 1097 1574 et
1129 1544 1244 1574 fratres
1275 1548 1411 1582 metum,
1443 1546 1494 1585 qui
1529 1550 1634 1585 potest
1664 1546 1779 1577 cndu-re
1812 1548 1841 1577 in

192 1599 369 1627 costantem
401 1596 516 1633 virum,
544 1605 644 1636 usque
673 1596 783 1625 mortis
811 1595 933 1626 scilicet
961 1596 1072 1636 capitis
1102 1596 1324 1629 mutilationis,
1356 1597 1518 1636 suspendii
1549 1598 1713 1627 occisionis
1739 1598 1786 1628 vel
1810 1599 1842 1628 in

191 1648 319 1677 fluvium
344 1647 564 1678 demersionis.
594 1647 637 1677 ita,
661 1646 746 1687 quod
771 1650 984 1683 morerentur,
1014 1647 1053 1677 de
1083 1657 1145 1688 quo
1176 1647 1329 1677 mandato
1361 1658 1456 1688 supra
1486 1651 1576 1688 patet
1607 1648 1841 1691 inlstrumento]

191 1699 309 1739 scripto
333 1709 391 1739 per
414 1708 464 1729 me
489 1698 725 1738 infrascriptum
743 1698 896 1729 Iacobum
913 1699 1082 1735 notarium,
1172 1699 1244 1729 ideo
1263 1698 1411 1729 dominus
1437 1700 1522 1739 prior
1547 1704 1578 1730 et
1602 1700 1717 1730 fratres
1734 1711 1841 1730 coram

191 1760 242 1780 me
260 1750 378 1781 Iacobo
403 1750 525 1780 notario
551 1749 751 1790 infrascripto
770 1754 802 1780 et
820 1749 953 1780 'testibus
977 1750 1185 1790 infrascriptis
1203 1753 1234 1780 et
1252 1760 1357 1780 coram
1385 1751 1513 1781 domino
1532 1751 1674 1782 (Jorrado
1693 1752 1841 1782 dixerunt

192 1805 224 1832 et
247 1802 414 1842 protestati
439 1801 579 1840 fuerunt,
609 1801 694 1842 quod
720 1801 778 1842 ipsi
803 1801 946 1831 dicerent
970 1801 1099 1831 missam
1125 1804 1156 1831 et
1181 1801 1381 1832 celebrarent
1412 1802 1519 1833 diviua
1548 1803 1653 1834 officia
1678 1814 1715 1833 eo
1745 1803 1840 1833 medo

190 1856 225 1883 ut
256 1863 352 1893 supra
384 1852 503 1883 dictum
535 1855 583 1883 est
617 1863 679 1882 non
713 1863 823 1883 eorum
854 1852 1033 1885 voluntate,
1065 1862 1137 1882 cum
1169 1852 1343 1883 voluissent
1375 1864 1502 1884 servare
1534 1853 1752 1888 interdictum,
1784 1853 1840 1883 sed

190 1908 322 1945 propter
344 1908 464 1934 metum
490 1904 599 1934 mortis
623 1903 684 1934 illis
713 1904 834 1934 illatum
861 1907 893 1934 ct
923 1907 1054 1944 propter
1084 1904 1231 1934 timorem
1257 1905 1308 1944 qui
1335 1908 1441 1944 potest
1466 1905 1583 1935 eadere
1607 1906 1636 1935 iu
1662 1908 1839 1935 eos-tantem

191 1956 292 1986 virum
316 1956 362 1987 eis
385 1955 520 1995 illatum,
544 1958 579 1985 ut
602 1955 819 1996 supradictum
844 1958 901 1985 est.

301 2033 395 2068 Quod
420 2033 606 2064 mandatum
631 2033 670 2064 de
695 2044 757 2074 quo
782 2044 878 2074 supra
902 2033 1017 2064 dicitur
1041 2038 1072 2064 et
1103 2035 1293 2074 protestatio
1318 2044 1450 2074 presens
1480 2035 1608 2065 fuerunt
1636 2035 1720 2065 facta
1748 2035 1840 2065 unico

189 2088 262 2115 actu
286 2095 393 2115 coram
417 2095 468 2115 me
492 2085 693 2125 infrascripto
718 2085 841 2116 notario
866 2089 897 2116 et
921 2085 1054 2116 testibus
1078 2085 1298 2126 infrascriptis.

298 2136 415 2167 Actum
439 2136 532 2174 Pisis,
556 2137 587 2166 in
610 2136 793 2177 supradicto
818 2137 903 2171 loeo,
933 2137 1134 2177 presentibus
1163 2137 1354 2177 supradictis
1385 2137 1522 2168 testibus
1551 2136 1591 2166 ad
1621 2137 1678 2167 hec
1710 2137 1840 2177 rogatis,

191 2187 380 2228 supradictis
404 2198 497 2227 anno,
522 2187 584 2217 ind.
603 2190 635 2218 et
659 2187 721 2218 (lie.

297 2265 366 2306 Ego
392 2265 529 2295 Iacobus
552 2265 634 2295 filius
660 2263 740 2295 Cioli
765 2265 917 2296 Bonifatii
941 2265 1103 2301 Pis-(anus)
1129 2265 1205 2295 civis
1229 2265 1389 2305 imperiali
1414 2265 1606 2295 auctoritate
1631 2265 1727 2295 iudex
1753 2264 1836 2294 ordi-

190 2317 296 2347 narius
320 2320 416 2357 atque
442 2317 581 2347 notarius
604 2316 756 2357 predictis
780 2316 924 2347 omnibus
949 2316 1078 2348 interfui
1095 2320 1127 2346 et
1143 2316 1200 2347 has
1225 2316 1299 2347 inde
1325 2320 1427 2347 cartus
1446 2328 1463 2346 a,
1481 2327 1531 2346 me
1556 2320 1685 2357 rogatas
1709 2320 1838 2355 rogatus

190 2368 299 2408 scripsi
325 2372 356 2399 ct
380 2368 550 2408 publicavi.

292 2605 356 2632 351.
385 2609 407 2637 ⁸)
427 2607 532 2631 Numuli
552 2607 590 2632 ed.
679 2606 702 2637 b>
723 2607 859 2631 obscurare
878 2607 915 2631 cd.
1005 2606 1026 2633 θ)
1045 2607 1195 2631 multaretur
1214 2607 1252 2631 etl.
