<?xml version="1.0" encoding="UTF-8"?>
<!DOCTYPE html PUBLIC "-//W3C//DTD XHTML 1.0 Transitional//EN"
    "http://www.w3.org/TR/xhtml1/DTD/xhtml1-transitional.dtd">
<html xmlns="http://www.w3.org/1999/xhtml" xml:lang="en" lang="en">
 <head>
  <title>
</title>
<meta http-equiv="Content-Type" content="text/html;charset=utf-8" />
  <meta name='ocr-system' content='tesseract 3.04.00' />
  <meta name='ocr-capabilities' content='ocr_page ocr_carea ocr_par ocr_line ocrx_word'/>
</head>
<body>
  <div class='ocr_page' id='page_1' title='image "./monumentagermani0601geseuoft/monumentagermani0601geseuoft_0625.png"; bbox 0 0 2205 3025; ppageno 0'>
   <div class='ocr_carea' id='block_1_1' title="bbox 661 152 1869 186">
    <p class='ocr_par' dir='ltr' id='par_1_1' title="bbox 661 152 1869 186">
     <span class='ocr_line' id='line_1_1' title="bbox 661 152 1869 186; baseline -0.002 -5"><span class='ocrx_word' id='word_1_1' title='bbox 661 154 756 181; x_wconf 83' lang='lat' dir='ltr'>ACTA</span> <span class='ocrx_word' id='word_1_2' title='bbox 776 154 889 180; x_wconf 83' lang='lat' dir='ltr'>REGNI</span> <span class='ocrx_word' id='word_1_3' title='bbox 909 153 1090 180; x_wconf 86' lang='lat' dir='ltr'>LUDEWICI</span> <span class='ocrx_word' id='word_1_4' title='bbox 1111 153 1157 180; x_wconf 89' lang='lat' dir='ltr'>IV.</span> <span class='ocrx_word' id='word_1_5' title='bbox 1195 153 1269 180; x_wconf 84' lang='lat'>1330.</span> <span class='ocrx_word' id='word_1_6' title='bbox 1307 153 1353 179; x_wconf 90' lang='lat' dir='ltr'>Nr.</span> <span class='ocrx_word' id='word_1_7' title='bbox 1368 152 1425 180; x_wconf 65' lang='lat'>685.</span> <span class='ocrx_word' id='word_1_8' title='bbox 1809 156 1869 186; x_wconf 67' lang='grc'>557</span> 
     </span>
    </p>
   </div>
   <div class='ocr_carea' id='block_1_2' title="bbox 176 239 1974 2691">
    <p class='ocr_par' dir='ltr' id='par_1_2' title="bbox 218 239 1872 435">
     <span class='ocr_line' id='line_1_2' title="bbox 220 239 1872 283; baseline -0.001 -10"><span class='ocrx_word' id='word_1_9' title='bbox 220 242 398 283; x_wconf 75' lang='lat' dir='ltr'>appellans,</span> <span class='ocrx_word' id='word_1_10' title='bbox 423 241 612 282; x_wconf 82' lang='lat' dir='ltr'>provintiam</span> <span class='ocrx_word' id='word_1_11' title='bbox 639 240 781 271; x_wconf 88' lang='lat' dir='ltr'>eiusdem</span> <span class='ocrx_word' id='word_1_12' title='bbox 799 240 940 271; x_wconf 87' lang='lat' dir='ltr'>Marchie</span> <span class='ocrx_word' id='word_1_13' title='bbox 965 249 1136 280; x_wconf 77' lang='lat' dir='ltr'>aggressus</span> <span class='ocrx_word' id='word_1_14' title='bbox 1157 239 1316 270; x_wconf 85' lang='lat' dir='ltr'>hostiliter</span> <span class='ocrx_word' id='word_1_15' title='bbox 1340 239 1446 270; x_wconf 86' lang='lat' dir='ltr'>extitit</span> <span class='ocrx_word' id='word_1_16' title='bbox 1472 242 1504 270; x_wconf 88' lang='lat' dir='ltr'>et</span> <span class='ocrx_word' id='word_1_17' title='bbox 1525 239 1636 270; x_wconf 85' lang='lat' dir='ltr'>fideles</span> <span class='ocrx_word' id='word_1_18' title='bbox 1655 239 1774 270; x_wconf 80' lang='lat' dir='ltr'>ibidem</span> <span class='ocrx_word' id='word_1_19' title='bbox 1799 251 1872 281; x_wconf 90' lang='lat' dir='ltr'>per-</span> 
     </span>
     <span class='ocr_line' id='line_1_3' title="bbox 218 290 1871 334; baseline -0.001 -11"><span class='ocrx_word' id='word_1_20' title='bbox 218 294 309 334; x_wconf 87' lang='lat' dir='ltr'>sequi</span> <span class='ocrx_word' id='word_1_21' title='bbox 334 296 366 323; x_wconf 90' lang='lat' dir='ltr'>et</span> <span class='ocrx_word' id='word_1_22' title='bbox 389 292 552 323; x_wconf 87' lang='lat' dir='ltr'>offendere</span> <span class='ocrx_word' id='word_1_23' title='bbox 577 292 711 332; x_wconf 88' lang='lat' dir='ltr'>stipatus</span> <span class='ocrx_word' id='word_1_24' title='bbox 735 291 886 322; x_wconf 77' lang='lat' dir='ltr'>catherva</span> <span class='ocrx_word' id='word_1_25' title='bbox 909 291 1081 321; x_wconf 89' lang='lat' dir='ltr'>multorum</span> <span class='ocrx_word' id='word_1_26' title='bbox 1106 290 1319 321; x_wconf 77' lang='lat' dir='ltr'>hereticorum</span> <span class='ocrx_word' id='word_1_27' title='bbox 1344 294 1375 321; x_wconf 89' lang='lat' dir='ltr'>et</span> <span class='ocrx_word' id='word_1_28' title='bbox 1397 291 1647 321; x_wconf 85' lang='lat' dir='ltr'>scismaticorum</span> <span class='ocrx_word' id='word_1_29' title='bbox 1672 291 1871 333; x_wconf 89' lang='lat' dir='ltr'>aliorumque</span> 
     </span>
     <span class='ocr_line' id='line_1_4' title="bbox 219 341 1872 384; baseline -0.001 -9"><span class='ocrx_word' id='word_1_30' title='bbox 219 354 349 375; x_wconf 90' lang='lat' dir='ltr'>suorum</span> <span class='ocrx_word' id='word_1_31' title='bbox 374 344 554 384; x_wconf 87' lang='lat' dir='ltr'>sequatium</span> <span class='ocrx_word' id='word_1_32' title='bbox 571 343 820 383; x_wconf 80' lang='lat' dir='ltr'>dampnabiliter</span> <span class='ocrx_word' id='word_1_33' title='bbox 842 353 905 372; x_wconf 90' lang='lat' dir='ltr'>non</span> <span class='ocrx_word' id='word_1_34' title='bbox 923 343 1062 382; x_wconf 77' lang='lat' dir='ltr'>expavit,</span> <span class='ocrx_word' id='word_1_35' title='bbox 1088 341 1288 372; x_wconf 80' lang='lat' dir='ltr'>confovendo</span> <span class='ocrx_word' id='word_1_36' title='bbox 1306 341 1425 372; x_wconf 81' lang='lat' dir='ltr'>ibidem</span> <span class='ocrx_word' id='word_1_37' title='bbox 1443 341 1602 372; x_wconf 88' lang='lat' dir='ltr'>hereticos</span> <span class='ocrx_word' id='word_1_38' title='bbox 1627 346 1659 372; x_wconf 89' lang='lat' dir='ltr'>et</span> <span class='ocrx_word' id='word_1_39' title='bbox 1675 343 1872 373; x_wconf 79' lang='lat' dir='ltr'>scismaticos</span> 
     </span>
     <span class='ocr_line' id='line_1_5' title="bbox 219 392 1871 435; baseline -0.001 -9"><span class='ocrx_word' id='word_1_40' title='bbox 219 407 256 427; x_wconf 88' lang='lat' dir='ltr'>ac</span> <span class='ocrx_word' id='word_1_41' title='bbox 280 395 419 426; x_wconf 82' lang='lat' dir='ltr'>rebelles</span> <span class='ocrx_word' id='word_1_42' title='bbox 443 396 553 435; x_wconf 85' lang='lat' dir='ltr'>eisque</span> <span class='ocrx_word' id='word_1_43' title='bbox 577 394 740 431; x_wconf 85' lang='lat' dir='ltr'>auxilium,</span> <span class='ocrx_word' id='word_1_44' title='bbox 770 393 935 424; x_wconf 90' lang='lat' dir='ltr'>consilium</span> <span class='ocrx_word' id='word_1_45' title='bbox 964 396 996 424; x_wconf 89' lang='lat' dir='ltr'>et</span> <span class='ocrx_word' id='word_1_46' title='bbox 1027 393 1168 423; x_wconf 81' lang='lat' dir='ltr'>favorem</span> <span class='ocrx_word' id='word_1_47' title='bbox 1194 393 1365 433; x_wconf 84' lang='lat' dir='ltr'>prestando</span> <span class='ocrx_word' id='word_1_48' title='bbox 1395 403 1431 423; x_wconf 89' lang='lat' dir='ltr'>ac</span> <span class='ocrx_word' id='word_1_49' title='bbox 1456 392 1675 424; x_wconf 73' lang='lat' dir='ltr'>defensionem</span> <span class='ocrx_word' id='word_1_50' title='bbox 1704 394 1735 423; x_wconf 91' lang='lat' dir='ltr'>in</span> <span class='ocrx_word' id='word_1_51' title='bbox 1765 393 1871 424; x_wconf 88' lang='lat' dir='ltr'>divine</span> 
     </span>
    </p>

    <p class='ocr_par' dir='ltr' id='par_1_3' title="bbox 189 444 1873 691">
     <span class='ocr_line' id='line_1_6' title="bbox 189 444 1870 485; baseline -0.002 -7"><span class='ocrx_word' id='word_1_52' title='bbox 189 458 200 475; x_wconf 80' lang='lat'>5</span> <span class='ocrx_word' id='word_1_53' title='bbox 219 447 399 478; x_wconf 86' lang='lat' dir='ltr'>maiestatis</span> <span class='ocrx_word' id='word_1_54' title='bbox 434 446 603 483; x_wconf 87' lang='lat' dir='ltr'>offensam,</span> <span class='ocrx_word' id='word_1_55' title='bbox 642 446 778 476; x_wconf 74' lang='lat' dir='ltr'>ecclesie</span> <span class='ocrx_word' id='word_1_56' title='bbox 807 445 953 475; x_wconf 87' lang='lat' dir='ltr'>Romane</span> <span class='ocrx_word' id='word_1_57' title='bbox 986 455 1179 485; x_wconf 88' lang='lat' dir='ltr'>suorumque</span> <span class='ocrx_word' id='word_1_58' title='bbox 1208 444 1350 474; x_wconf 88' lang='lat' dir='ltr'>fidelium</span> <span class='ocrx_word' id='word_1_59' title='bbox 1380 444 1592 484; x_wconf 86' lang='lat' dir='ltr'>preiudicium</span> <span class='ocrx_word' id='word_1_60' title='bbox 1624 444 1749 484; x_wconf 87' lang='lat' dir='ltr'>publice</span> <span class='ocrx_word' id='word_1_61' title='bbox 1778 446 1870 475; x_wconf 87' lang='lat' dir='ltr'>mini-</span> 
     </span>
     <span class='ocr_line' id='line_1_7' title="bbox 219 495 1872 538; baseline -0.002 -9"><span class='ocrx_word' id='word_1_62' title='bbox 219 498 359 529; x_wconf 89' lang='lat' dir='ltr'>strando.</span> <span class='ocrx_word' id='word_1_63' title='bbox 414 498 483 533; x_wconf 83' lang='lat' dir='ltr'>Que</span> <span class='ocrx_word' id='word_1_64' title='bbox 512 497 641 538; x_wconf 86' lang='lat' dir='ltr'>quidem</span> <span class='ocrx_word' id='word_1_65' title='bbox 670 496 752 527; x_wconf 85' lang='lat' dir='ltr'>adeo</span> <span class='ocrx_word' id='word_1_66' title='bbox 782 500 853 527; x_wconf 90' lang='lat' dir='ltr'>sunt</span> <span class='ocrx_word' id='word_1_67' title='bbox 880 496 1004 526; x_wconf 88' lang='lat' dir='ltr'>notoria</span> <span class='ocrx_word' id='word_1_68' title='bbox 1039 495 1125 536; x_wconf 91' lang='lat' dir='ltr'>quod</span> <span class='ocrx_word' id='word_1_69' title='bbox 1153 495 1241 526; x_wconf 90' lang='lat' dir='ltr'>nulla</span> <span class='ocrx_word' id='word_1_70' title='bbox 1268 496 1391 536; x_wconf 79' lang='lat' dir='ltr'>possint</span> <span class='ocrx_word' id='word_1_71' title='bbox 1420 496 1685 535; x_wconf 84' lang='lat' dir='ltr'>tergiversatione</span> <span class='ocrx_word' id='word_1_72' title='bbox 1713 497 1811 527; x_wconf 87' lang='lat' dir='ltr'>celari</span> <span class='ocrx_word' id='word_1_73' title='bbox 1840 500 1872 527; x_wconf 88' lang='lat' dir='ltr'>et</span> 
     </span>
     <span class='ocr_line' id='line_1_8' title="bbox 219 546 1871 588; baseline -0.001 -8"><span class='ocrx_word' id='word_1_74' title='bbox 219 549 259 580; x_wconf 91' lang='lat' dir='ltr'>de</span> <span class='ocrx_word' id='word_1_75' title='bbox 284 549 343 579; x_wconf 89' lang='lat' dir='ltr'>hiis</span> <span class='ocrx_word' id='word_1_76' title='bbox 367 550 463 579; x_wconf 89' lang='lat' dir='ltr'>etiam</span> <span class='ocrx_word' id='word_1_77' title='bbox 488 558 544 588; x_wconf 91' lang='lat' dir='ltr'>per</span> <span class='ocrx_word' id='word_1_78' title='bbox 561 548 777 588; x_wconf 80' lang='lat' dir='ltr'>depositiones</span> <span class='ocrx_word' id='word_1_79' title='bbox 793 547 1027 588; x_wconf 87' lang='lat' dir='ltr'>fidedignorum</span> <span class='ocrx_word' id='word_1_80' title='bbox 1045 548 1183 586; x_wconf 86' lang='lat' dir='ltr'>testium,</span> <span class='ocrx_word' id='word_1_81' title='bbox 1208 557 1287 588; x_wconf 88' lang='lat' dir='ltr'>quos</span> <span class='ocrx_word' id='word_1_82' title='bbox 1305 557 1343 577; x_wconf 78' lang='lat' dir='ltr'>ex</span> <span class='ocrx_word' id='word_1_83' title='bbox 1361 546 1655 587; x_wconf 86' lang='lat' dir='ltr'>superhabundanti</span> <span class='ocrx_word' id='word_1_84' title='bbox 1679 558 1775 588; x_wconf 90' lang='lat' dir='ltr'>super</span> <span class='ocrx_word' id='word_1_85' title='bbox 1798 559 1871 588; x_wconf 91' lang='lat' dir='ltr'>pre-</span> 
     </span>
     <span class='ocr_line' id='line_1_9' title="bbox 220 597 1873 640; baseline -0.001 -10"><span class='ocrx_word' id='word_1_86' title='bbox 220 600 312 630; x_wconf 85' lang='lat' dir='ltr'>dictis</span> <span class='ocrx_word' id='word_1_87' title='bbox 335 600 434 640; x_wconf 84' lang='lat' dir='ltr'>recipi</span> <span class='ocrx_word' id='word_1_88' title='bbox 460 603 491 629; x_wconf 89' lang='lat' dir='ltr'>et</span> <span class='ocrx_word' id='word_1_89' title='bbox 516 599 691 630; x_wconf 83' lang='lat' dir='ltr'>examinari</span> <span class='ocrx_word' id='word_1_90' title='bbox 715 599 947 636; x_wconf 74' lang='lat' dir='ltr'>mandavimus,</span> <span class='ocrx_word' id='word_1_91' title='bbox 972 598 1115 638; x_wconf 89' lang='lat' dir='ltr'>plenarie</span> <span class='ocrx_word' id='word_1_92' title='bbox 1140 598 1231 628; x_wconf 89' lang='lat' dir='ltr'>nobis</span> <span class='ocrx_word' id='word_1_93' title='bbox 1255 601 1389 630; x_wconf 87' lang='lat' dir='ltr'>constat.</span> <span class='ocrx_word' id='word_1_94' title='bbox 1435 597 1502 628; x_wconf 81' lang='lat' dir='ltr'>Nos</span> <span class='ocrx_word' id='word_1_95' title='bbox 1525 602 1633 628; x_wconf 88' lang='lat' dir='ltr'>autem</span> <span class='ocrx_word' id='word_1_96' title='bbox 1657 598 1801 630; x_wconf 85' lang='lat' dir='ltr'>nolentes</span> <span class='ocrx_word' id='word_1_97' title='bbox 1826 602 1873 630; x_wconf 88' lang='lat' dir='ltr'>tot</span> 
     </span>
     <span class='ocr_line' id='line_1_10' title="bbox 222 649 1871 691; baseline -0.001 -10"><span class='ocrx_word' id='word_1_98' title='bbox 222 661 382 685; x_wconf 77' lang='lat' dir='ltr'>excessus,</span> <span class='ocrx_word' id='word_1_99' title='bbox 407 651 590 691; x_wconf 85' lang='lat' dir='ltr'>iniquitates</span> <span class='ocrx_word' id='word_1_100' title='bbox 615 654 647 680; x_wconf 89' lang='lat' dir='ltr'>et</span> <span class='ocrx_word' id='word_1_101' title='bbox 670 650 792 681; x_wconf 85' lang='lat' dir='ltr'>scelera</span> <span class='ocrx_word' id='word_1_102' title='bbox 816 660 875 690; x_wconf 85' lang='lat' dir='ltr'>per</span> <span class='ocrx_word' id='word_1_103' title='bbox 898 649 1036 680; x_wconf 90' lang='lat' dir='ltr'>eundem</span> <span class='ocrx_word' id='word_1_104' title='bbox 1054 649 1230 680; x_wconf 80' lang='lat' dir='ltr'>Iohannem</span> <span class='ocrx_word' id='word_1_105' title='bbox 1255 650 1299 679; x_wconf 82' lang='lat' dir='ltr'>sic</span> <span class='ocrx_word' id='word_1_106' title='bbox 1324 650 1471 689; x_wconf 87' lang='lat' dir='ltr'>nequiter</span> <span class='ocrx_word' id='word_1_107' title='bbox 1495 652 1527 679; x_wconf 89' lang='lat' dir='ltr'>et</span> <span class='ocrx_word' id='word_1_108' title='bbox 1544 650 1717 680; x_wconf 87' lang='lat' dir='ltr'>enormiter</span> <span class='ocrx_word' id='word_1_109' title='bbox 1740 660 1777 680; x_wconf 89' lang='lat' dir='ltr'>ac</span> <span class='ocrx_word' id='word_1_110' title='bbox 1802 649 1871 681; x_wconf 87' lang='lat' dir='ltr'>diu-</span> 
     </span>
    </p>

    <p class='ocr_par' dir='ltr' id='par_1_4' title="bbox 176 700 1871 947">
     <span class='ocr_line' id='line_1_11' title="bbox 176 700 1871 742; baseline -0.001 -9"><span class='ocrx_word' id='word_1_111' title='bbox 176 714 200 732; x_wconf 90' lang='lat'>10</span> <span class='ocrx_word' id='word_1_112' title='bbox 220 703 285 733; x_wconf 92' lang='lat' dir='ltr'>cius</span> <span class='ocrx_word' id='word_1_113' title='bbox 308 703 339 732; x_wconf 90' lang='lat' dir='ltr'>in</span> <span class='ocrx_word' id='word_1_114' title='bbox 355 702 417 733; x_wconf 88' lang='lat' dir='ltr'>Dei</span> <span class='ocrx_word' id='word_1_115' title='bbox 442 702 606 742; x_wconf 85' lang='lat' dir='ltr'>offensam,</span> <span class='ocrx_word' id='word_1_116' title='bbox 630 701 705 732; x_wconf 88' lang='lat' dir='ltr'>fidei</span> <span class='ocrx_word' id='word_1_117' title='bbox 729 701 885 731; x_wconf 76' lang='lat' dir='ltr'>catholice</span> <span class='ocrx_word' id='word_1_118' title='bbox 908 701 1064 731; x_wconf 85' lang='lat' dir='ltr'>lesionem</span> <span class='ocrx_word' id='word_1_119' title='bbox 1089 711 1124 731; x_wconf 83' lang='lat' dir='ltr'>ac</span> <span class='ocrx_word' id='word_1_120' title='bbox 1150 700 1292 731; x_wconf 87' lang='lat' dir='ltr'>eiusdem</span> <span class='ocrx_word' id='word_1_121' title='bbox 1309 700 1480 738; x_wconf 74' lang='lat' dir='ltr'>Ror&#39;mane)</span> <span class='ocrx_word' id='word_1_122' title='bbox 1507 701 1641 731; x_wconf 81' lang='lat' dir='ltr'>ecclesie</span> <span class='ocrx_word' id='word_1_123' title='bbox 1666 701 1871 741; x_wconf 86' lang='lat' dir='ltr'>preiuditium</span> 
     </span>
     <span class='ocr_line' id='line_1_12' title="bbox 219 751 1871 794; baseline -0.001 -10"><span class='ocrx_word' id='word_1_124' title='bbox 219 758 251 784; x_wconf 90' lang='lat' dir='ltr'>et</span> <span class='ocrx_word' id='word_1_125' title='bbox 274 754 429 784; x_wconf 87' lang='lat' dir='ltr'>iacturam</span> <span class='ocrx_word' id='word_1_126' title='bbox 454 756 639 794; x_wconf 86' lang='lat' dir='ltr'>perpetrata</span> <span class='ocrx_word' id='word_1_127' title='bbox 662 753 794 783; x_wconf 82' lang='lat' dir='ltr'>ulterius</span> <span class='ocrx_word' id='word_1_128' title='bbox 817 752 875 782; x_wconf 90' lang='lat' dir='ltr'>sub</span> <span class='ocrx_word' id='word_1_129' title='bbox 899 752 1025 782; x_wconf 87' lang='lat' dir='ltr'>silentio</span> <span class='ocrx_word' id='word_1_130' title='bbox 1051 752 1215 792; x_wconf 87' lang='lat' dir='ltr'>preterire,</span> <span class='ocrx_word' id='word_1_131' title='bbox 1240 752 1401 792; x_wconf 84' lang='lat' dir='ltr'>prefatum</span> <span class='ocrx_word' id='word_1_132' title='bbox 1422 751 1598 782; x_wconf 81' lang='lat' dir='ltr'>Iohannem</span> <span class='ocrx_word' id='word_1_133' title='bbox 1624 752 1721 782; x_wconf 85' lang='lat' dir='ltr'>fuisse</span> <span class='ocrx_word' id='word_1_134' title='bbox 1747 756 1778 783; x_wconf 85' lang='lat' dir='ltr'>et</span> <span class='ocrx_word' id='word_1_135' title='bbox 1802 763 1871 783; x_wconf 78' lang='lat' dir='ltr'>esse</span> 
     </span>
     <span class='ocr_line' id='line_1_13' title="bbox 220 802 1871 844; baseline -0.001 -9"><span class='ocrx_word' id='word_1_136' title='bbox 220 804 435 835; x_wconf 82' lang='lat' dir='ltr'>hereticorum</span> <span class='ocrx_word' id='word_1_137' title='bbox 460 804 628 842; x_wconf 83' lang='lat' dir='ltr'>fautorem,</span> <span class='ocrx_word' id='word_1_138' title='bbox 653 803 856 833; x_wconf 76' lang='lat' dir='ltr'>defensorem</span> <span class='ocrx_word' id='word_1_139' title='bbox 882 806 913 833; x_wconf 88' lang='lat' dir='ltr'>et</span> <span class='ocrx_word' id='word_1_140' title='bbox 937 806 1173 843; x_wconf 81' lang='lat' dir='ltr'>receptatorem</span> <span class='ocrx_word' id='word_1_141' title='bbox 1197 806 1229 833; x_wconf 90' lang='lat' dir='ltr'>et</span> <span class='ocrx_word' id='word_1_142' title='bbox 1252 802 1414 843; x_wconf 88' lang='lat' dir='ltr'>publicum</span> <span class='ocrx_word' id='word_1_143' title='bbox 1446 814 1483 833; x_wconf 88' lang='lat' dir='ltr'>ac</span> <span class='ocrx_word' id='word_1_144' title='bbox 1506 803 1665 833; x_wconf 89' lang='lat' dir='ltr'>notorium</span> <span class='ocrx_word' id='word_1_145' title='bbox 1690 804 1871 844; x_wconf 80' lang='lat' dir='ltr'>patrimonii</span> 
     </span>
     <span class='ocr_line' id='line_1_14' title="bbox 220 855 1871 897; baseline 0.001 -12"><span class='ocrx_word' id='word_1_146' title='bbox 220 859 253 885; x_wconf 87' lang='lat' dir='ltr'>et</span> <span class='ocrx_word' id='word_1_147' title='bbox 276 858 432 886; x_wconf 88' lang='lat' dir='ltr'>terrarum</span> <span class='ocrx_word' id='word_1_148' title='bbox 456 855 542 886; x_wconf 90' lang='lat' dir='ltr'>beati</span> <span class='ocrx_word' id='word_1_149' title='bbox 566 855 656 885; x_wconf 87' lang='lat' dir='ltr'>Petri</span> <span class='ocrx_word' id='word_1_150' title='bbox 680 859 712 885; x_wconf 85' lang='lat' dir='ltr'>et</span> <span class='ocrx_word' id='word_1_151' title='bbox 740 858 847 885; x_wconf 88' lang='lat' dir='ltr'>sancte</span> <span class='ocrx_word' id='word_1_152' title='bbox 870 855 1016 885; x_wconf 85' lang='lat' dir='ltr'>Romane</span> <span class='ocrx_word' id='word_1_153' title='bbox 1047 855 1182 885; x_wconf 82' lang='lat' dir='ltr'>ecclesie</span> <span class='ocrx_word' id='word_1_154' title='bbox 1213 858 1452 895; x_wconf 79' lang='lat' dir='ltr'>persecutorem</span> <span class='ocrx_word' id='word_1_155' title='bbox 1482 858 1514 885; x_wconf 89' lang='lat' dir='ltr'>et</span> <span class='ocrx_word' id='word_1_156' title='bbox 1545 855 1671 885; x_wconf 87' lang='lat' dir='ltr'>hostem</span> <span class='ocrx_word' id='word_1_157' title='bbox 1702 856 1871 897; x_wconf 87' lang='lat' dir='ltr'>ipsumque</span> 
     </span>
     <span class='ocr_line' id='line_1_15' title="bbox 221 906 1871 947; baseline 0 -10"><span class='ocrx_word' id='word_1_158' title='bbox 221 910 286 937; x_wconf 88' lang='lat' dir='ltr'>tam</span> <span class='ocrx_word' id='word_1_159' title='bbox 310 907 499 937; x_wconf 88' lang='lat' dir='ltr'>auctoritate</span> <span class='ocrx_word' id='word_1_160' title='bbox 530 906 746 946; x_wconf 84' lang='lat' dir='ltr'>predictorum</span> <span class='ocrx_word' id='word_1_161' title='bbox 776 916 981 946; x_wconf 84' lang='lat' dir='ltr'>processuum</span> <span class='ocrx_word' id='word_1_162' title='bbox 1006 910 1202 941; x_wconf 76' lang='lat' dir='ltr'>nostrorum,</span> <span class='ocrx_word' id='word_1_163' title='bbox 1235 917 1329 947; x_wconf 84' lang='lat' dir='ltr'>quam</span> <span class='ocrx_word' id='word_1_164' title='bbox 1354 910 1485 947; x_wconf 88' lang='lat' dir='ltr'>propter</span> <span class='ocrx_word' id='word_1_165' title='bbox 1509 906 1679 936; x_wconf 86' lang='lat' dir='ltr'>fautoriam</span> <span class='ocrx_word' id='word_1_166' title='bbox 1704 910 1735 937; x_wconf 92' lang='lat' dir='ltr'>et</span> <span class='ocrx_word' id='word_1_167' title='bbox 1759 907 1871 937; x_wconf 88' lang='lat' dir='ltr'>defen-</span> 
     </span>
    </p>

    <p class='ocr_par' dir='ltr' id='par_1_5' title="bbox 177 957 1873 1204">
     <span class='ocr_line' id='line_1_16' title="bbox 177 957 1872 998; baseline 0.001 -11"><span class='ocrx_word' id='word_1_168' title='bbox 177 969 200 987; x_wconf 66' lang='grc' dir='ltr'>ιε)</span> <span class='ocrx_word' id='word_1_169' title='bbox 221 958 357 997; x_wconf 89' lang='lat' dir='ltr'>sionem,</span> <span class='ocrx_word' id='word_1_170' title='bbox 391 958 642 998; x_wconf 87' lang='lat' dir='ltr'>receptationem</span> <span class='ocrx_word' id='word_1_171' title='bbox 672 962 703 988; x_wconf 88' lang='lat' dir='ltr'>et</span> <span class='ocrx_word' id='word_1_172' title='bbox 735 957 943 988; x_wconf 86' lang='lat' dir='ltr'>adhesionem</span> <span class='ocrx_word' id='word_1_173' title='bbox 972 957 1128 988; x_wconf 86' lang='lat' dir='ltr'>dictorum</span> <span class='ocrx_word' id='word_1_174' title='bbox 1159 958 1373 988; x_wconf 86' lang='lat' dir='ltr'>hereticorum</span> <span class='ocrx_word' id='word_1_175' title='bbox 1399 960 1431 988; x_wconf 87' lang='lat' dir='ltr'>et</span> <span class='ocrx_word' id='word_1_176' title='bbox 1455 958 1705 988; x_wconf 85' lang='lat' dir='ltr'>scismaticorum</span> <span class='ocrx_word' id='word_1_177' title='bbox 1737 961 1769 988; x_wconf 90' lang='lat' dir='ltr'>et</span> <span class='ocrx_word' id='word_1_178' title='bbox 1792 958 1872 989; x_wconf 86' lang='lat' dir='ltr'>alios</span> 
     </span>
     <span class='ocr_line' id='line_1_17' title="bbox 220 1009 1871 1049; baseline 0.001 -10"><span class='ocrx_word' id='word_1_179' title='bbox 220 1019 294 1039; x_wconf 86' lang='lat' dir='ltr'>suos</span> <span class='ocrx_word' id='word_1_180' title='bbox 310 1009 486 1040; x_wconf 88' lang='lat' dir='ltr'>horrendos</span> <span class='ocrx_word' id='word_1_181' title='bbox 506 1019 656 1039; x_wconf 86' lang='lat' dir='ltr'>excessus</span> <span class='ocrx_word' id='word_1_182' title='bbox 680 1010 747 1039; x_wconf 86' lang='lat' dir='ltr'>fore</span> <span class='ocrx_word' id='word_1_183' title='bbox 766 1009 898 1039; x_wconf 81' lang='lat' dir='ltr'>diversis</span> <span class='ocrx_word' id='word_1_184' title='bbox 916 1010 1253 1039; x_wconf 83' lang='lat' dir='ltr'>excommunicationis</span> <span class='ocrx_word' id='word_1_185' title='bbox 1277 1013 1309 1039; x_wconf 92' lang='lat' dir='ltr'>et</span> <span class='ocrx_word' id='word_1_186' title='bbox 1334 1009 1423 1049; x_wconf 83' lang='lat' dir='ltr'>penis</span> <span class='ocrx_word' id='word_1_187' title='bbox 1448 1009 1517 1039; x_wconf 83' lang='lat' dir='ltr'>aliis</span> <span class='ocrx_word' id='word_1_188' title='bbox 1534 1009 1720 1039; x_wconf 89' lang='lat' dir='ltr'>innodatum</span> <span class='ocrx_word' id='word_1_189' title='bbox 1745 1021 1871 1041; x_wconf 88' lang='lat' dir='ltr'>omnes-</span> 
     </span>
     <span class='ocr_line' id='line_1_18' title="bbox 221 1060 1871 1102; baseline 0.001 -12"><span class='ocrx_word' id='word_1_190' title='bbox 221 1070 284 1102; x_wconf 87' lang='lat' dir='ltr'>que</span> <span class='ocrx_word' id='word_1_191' title='bbox 308 1071 407 1101; x_wconf 84' lang='lat' dir='ltr'>penas</span> <span class='ocrx_word' id='word_1_192' title='bbox 431 1064 463 1090; x_wconf 91' lang='lat' dir='ltr'>et</span> <span class='ocrx_word' id='word_1_193' title='bbox 486 1061 660 1090; x_wconf 86' lang='lat' dir='ltr'>sententias</span> <span class='ocrx_word' id='word_1_194' title='bbox 689 1063 754 1090; x_wconf 89' lang='lat' dir='ltr'>tam</span> <span class='ocrx_word' id='word_1_195' title='bbox 782 1061 813 1090; x_wconf 88' lang='lat' dir='ltr'>in</span> <span class='ocrx_word' id='word_1_196' title='bbox 838 1060 1039 1100; x_wconf 80' lang='lat' dir='ltr'>processibus</span> <span class='ocrx_word' id='word_1_197' title='bbox 1063 1060 1254 1100; x_wconf 85' lang='lat' dir='ltr'>supradictis</span> <span class='ocrx_word' id='word_1_198' title='bbox 1278 1061 1488 1091; x_wconf 88' lang='lat' dir='ltr'>comminatas</span> <span class='ocrx_word' id='word_1_199' title='bbox 1521 1065 1552 1091; x_wconf 92' lang='lat' dir='ltr'>et</span> <span class='ocrx_word' id='word_1_200' title='bbox 1580 1061 1676 1099; x_wconf 88' lang='lat' dir='ltr'>latas,</span> <span class='ocrx_word' id='word_1_201' title='bbox 1707 1071 1768 1101; x_wconf 89' lang='lat' dir='ltr'>que</span> <span class='ocrx_word' id='word_1_202' title='bbox 1798 1072 1871 1102; x_wconf 86' lang='lat' dir='ltr'>per-</span> 
     </span>
     <span class='ocr_line' id='line_1_19' title="bbox 220 1111 1873 1152; baseline 0.001 -11"><span class='ocrx_word' id='word_1_203' title='bbox 220 1122 331 1142; x_wconf 81' lang='lat' dir='ltr'>sonam</span> <span class='ocrx_word' id='word_1_204' title='bbox 364 1112 478 1142; x_wconf 86' lang='lat' dir='ltr'>laicam</span> <span class='ocrx_word' id='word_1_205' title='bbox 510 1115 641 1152; x_wconf 85' lang='lat' dir='ltr'>possunt</span> <span class='ocrx_word' id='word_1_206' title='bbox 673 1121 878 1144; x_wconf 81' lang='lat' dir='ltr'>concernere.</span> <span class='ocrx_word' id='word_1_207' title='bbox 912 1122 1007 1152; x_wconf 89' lang='lat' dir='ltr'>quam</span> <span class='ocrx_word' id='word_1_208' title='bbox 1041 1115 1151 1142; x_wconf 88' lang='lat' dir='ltr'>contra</span> <span class='ocrx_word' id='word_1_209' title='bbox 1182 1111 1338 1147; x_wconf 78' lang='lat' dir='ltr'>fautores,</span> <span class='ocrx_word' id='word_1_210' title='bbox 1368 1112 1590 1151; x_wconf 73' lang='lat' dir='ltr'>auxiliatores,</span> <span class='ocrx_word' id='word_1_211' title='bbox 1624 1111 1809 1143; x_wconf 84' lang='lat' dir='ltr'>defensores</span> <span class='ocrx_word' id='word_1_212' title='bbox 1841 1116 1873 1143; x_wconf 89' lang='lat' dir='ltr'>et</span> 
     </span>
     <span class='ocr_line' id='line_1_20' title="bbox 219 1163 1871 1204; baseline 0 -10"><span class='ocrx_word' id='word_1_213' title='bbox 219 1166 438 1204; x_wconf 83' lang='lat' dir='ltr'>receptatores</span> <span class='ocrx_word' id='word_1_214' title='bbox 462 1163 676 1194; x_wconf 82' lang='lat' dir='ltr'>hereticorum</span> <span class='ocrx_word' id='word_1_215' title='bbox 700 1163 919 1203; x_wconf 84' lang='lat' dir='ltr'>promulgatas</span> <span class='ocrx_word' id='word_1_216' title='bbox 943 1173 961 1193; x_wconf 86' lang='lat' dir='ltr'>a</span> <span class='ocrx_word' id='word_1_217' title='bbox 986 1164 1052 1193; x_wconf 87' lang='lat' dir='ltr'>iure</span> <span class='ocrx_word' id='word_1_218' title='bbox 1077 1173 1113 1193; x_wconf 86' lang='lat' dir='ltr'>ac</span> <span class='ocrx_word' id='word_1_219' title='bbox 1132 1163 1385 1203; x_wconf 84' lang='lat' dir='ltr'>quibuscumque</span> <span class='ocrx_word' id='word_1_220' title='bbox 1404 1163 1681 1194; x_wconf 79' lang='lat' dir='ltr'>constitutionibus</span> <span class='ocrx_word' id='word_1_221' title='bbox 1705 1164 1871 1194; x_wconf 83' lang='lat' dir='ltr'>incurrisse</span> 
     </span>
    </p>

    <p class='ocr_par' dir='ltr' id='par_1_6' title="bbox 177 1214 1873 1461">
     <span class='ocr_line' id='line_1_21' title="bbox 177 1214 1872 1256; baseline -0.001 -10"><span class='ocrx_word' id='word_1_222' title='bbox 177 1228 202 1247; x_wconf 82' lang='lat'>20</span> <span class='ocrx_word' id='word_1_223' title='bbox 221 1215 389 1256; x_wconf 85' lang='lat' dir='ltr'>ipsumque</span> <span class='ocrx_word' id='word_1_224' title='bbox 415 1215 499 1245; x_wconf 91' lang='lat' dir='ltr'>omni</span> <span class='ocrx_word' id='word_1_225' title='bbox 522 1214 655 1252; x_wconf 87' lang='lat' dir='ltr'>honore,</span> <span class='ocrx_word' id='word_1_226' title='bbox 681 1214 836 1254; x_wconf 83' lang='lat' dir='ltr'>dignitate</span> <span class='ocrx_word' id='word_1_227' title='bbox 861 1224 897 1244; x_wconf 88' lang='lat' dir='ltr'>ac</span> <span class='ocrx_word' id='word_1_228' title='bbox 921 1214 1012 1244; x_wconf 89' lang='lat' dir='ltr'>titulo</span> <span class='ocrx_word' id='word_1_229' title='bbox 1030 1215 1199 1244; x_wconf 83' lang='lat' dir='ltr'>comitatus</span> <span class='ocrx_word' id='word_1_230' title='bbox 1224 1214 1263 1244; x_wconf 89' lang='lat' dir='ltr'>de</span> <span class='ocrx_word' id='word_1_231' title='bbox 1281 1214 1396 1244; x_wconf 86' lang='lat' dir='ltr'>Moach</span> <span class='ocrx_word' id='word_1_232' title='bbox 1421 1214 1478 1245; x_wconf 89' lang='lat' dir='ltr'>sub</span> <span class='ocrx_word' id='word_1_233' title='bbox 1497 1214 1636 1245; x_wconf 89' lang='lat' dir='ltr'>dominio</span> <span class='ocrx_word' id='word_1_234' title='bbox 1663 1215 1796 1246; x_wconf 83' lang='lat' dir='ltr'>ecclesie</span> <span class='ocrx_word' id='word_1_235' title='bbox 1821 1215 1872 1246; x_wconf 83' lang='lat' dir='ltr'>vel</span> 
     </span>
     <span class='ocr_line' id='line_1_22' title="bbox 220 1265 1872 1307; baseline -0.001 -10"><span class='ocrx_word' id='word_1_236' title='bbox 220 1266 345 1307; x_wconf 87' lang='lat' dir='ltr'>imperii</span> <span class='ocrx_word' id='word_1_237' title='bbox 375 1266 540 1297; x_wconf 82' lang='lat' dir='ltr'>existentis</span> <span class='ocrx_word' id='word_1_238' title='bbox 568 1265 707 1296; x_wconf 85' lang='lat' dir='ltr'>mediate</span> <span class='ocrx_word' id='word_1_239' title='bbox 737 1265 787 1296; x_wconf 79' lang='lat' dir='ltr'>vel</span> <span class='ocrx_word' id='word_1_240' title='bbox 816 1265 1001 1296; x_wconf 87' lang='lat' dir='ltr'>immediate</span> <span class='ocrx_word' id='word_1_241' title='bbox 1038 1268 1070 1296; x_wconf 85' lang='lat' dir='ltr'>et</span> <span class='ocrx_word' id='word_1_242' title='bbox 1100 1265 1283 1305; x_wconf 84' lang='lat' dir='ltr'>specialiter</span> <span class='ocrx_word' id='word_1_243' title='bbox 1312 1270 1395 1295; x_wconf 89' lang='lat' dir='ltr'>terra</span> <span class='ocrx_word' id='word_1_244' title='bbox 1428 1269 1459 1296; x_wconf 87' lang='lat' dir='ltr'>et</span> <span class='ocrx_word' id='word_1_245' title='bbox 1486 1265 1619 1296; x_wconf 80' lang='lat' dir='ltr'>baronia</span> <span class='ocrx_word' id='word_1_246' title='bbox 1647 1276 1702 1296; x_wconf 80' lang='lat' dir='ltr'>seu</span> <span class='ocrx_word' id='word_1_247' title='bbox 1734 1266 1872 1296; x_wconf 81' lang='lat' dir='ltr'>baroniis</span> 
     </span>
     <span class='ocr_line' id='line_1_23' title="bbox 220 1316 1872 1358; baseline -0.001 -10"><span class='ocrx_word' id='word_1_248' title='bbox 220 1328 299 1358; x_wconf 90' lang='lat' dir='ltr'>quas</span> <span class='ocrx_word' id='word_1_249' title='bbox 333 1317 431 1348; x_wconf 84' lang='lat' dir='ltr'>habet</span> <span class='ocrx_word' id='word_1_250' title='bbox 468 1318 497 1347; x_wconf 93' lang='lat' dir='ltr'>in</span> <span class='ocrx_word' id='word_1_251' title='bbox 528 1316 648 1355; x_wconf 78' lang='lat' dir='ltr'>Sicilia,</span> <span class='ocrx_word' id='word_1_252' title='bbox 687 1317 809 1347; x_wconf 88' lang='lat' dir='ltr'>scilicet</span> <span class='ocrx_word' id='word_1_253' title='bbox 844 1317 873 1347; x_wconf 92' lang='lat' dir='ltr'>in</span> <span class='ocrx_word' id='word_1_254' title='bbox 910 1320 1012 1347; x_wconf 87' lang='lat' dir='ltr'>castro</span> <span class='ocrx_word' id='word_1_255' title='bbox 1042 1316 1202 1347; x_wconf 75' lang='lat' dir='ltr'>Kaceavi‘l</span> <span class='ocrx_word' id='word_1_256' title='bbox 1233 1317 1407 1357; x_wconf 85' lang='lat' dir='ltr'>vulgariter</span> <span class='ocrx_word' id='word_1_257' title='bbox 1437 1320 1618 1357; x_wconf 84' lang='lat' dir='ltr'>nuncupato</span> <span class='ocrx_word' id='word_1_258' title='bbox 1655 1328 1692 1347; x_wconf 77' lang='lat' dir='ltr'>ao</span> <span class='ocrx_word' id='word_1_259' title='bbox 1727 1318 1872 1348; x_wconf 87' lang='lat' dir='ltr'>omnibus</span> 
     </span>
     <span class='ocr_line' id='line_1_24' title="bbox 220 1368 1873 1409; baseline -0.001 -9"><span class='ocrx_word' id='word_1_260' title='bbox 220 1370 341 1408; x_wconf 86' lang='lat' dir='ltr'>castris,</span> <span class='ocrx_word' id='word_1_261' title='bbox 367 1369 458 1407; x_wconf 86' lang='lat' dir='ltr'>villis,</span> <span class='ocrx_word' id='word_1_262' title='bbox 482 1369 569 1406; x_wconf 90' lang='lat' dir='ltr'>locis,</span> <span class='ocrx_word' id='word_1_263' title='bbox 594 1369 694 1407; x_wconf 85' lang='lat' dir='ltr'>bonis,</span> <span class='ocrx_word' id='word_1_264' title='bbox 720 1368 985 1409; x_wconf 83' lang='lat' dir='ltr'>possessionibus,</span> <span class='ocrx_word' id='word_1_265' title='bbox 1010 1369 1194 1409; x_wconf 78' lang='lat' dir='ltr'>privilegiis,</span> <span class='ocrx_word' id='word_1_266' title='bbox 1219 1368 1433 1409; x_wconf 76' lang='lat' dir='ltr'>indulgentiis,</span> <span class='ocrx_word' id='word_1_267' title='bbox 1457 1368 1587 1405; x_wconf 88' lang='lat' dir='ltr'>iuribus,</span> <span class='ocrx_word' id='word_1_268' title='bbox 1606 1368 1873 1399; x_wconf 87' lang='lat' dir='ltr'>iurisdictionibus</span> 
     </span>
     <span class='ocr_line' id='line_1_25' title="bbox 220 1419 1872 1461; baseline -0.001 -10"><span class='ocrx_word' id='word_1_269' title='bbox 220 1424 252 1452; x_wconf 89' lang='lat' dir='ltr'>et</span> <span class='ocrx_word' id='word_1_270' title='bbox 275 1421 448 1451; x_wconf 85' lang='lat' dir='ltr'>honoribus</span> <span class='ocrx_word' id='word_1_271' title='bbox 471 1420 732 1461; x_wconf 83' lang='lat' dir='ltr'>quibuscumque,</span> <span class='ocrx_word' id='word_1_272' title='bbox 757 1431 819 1461; x_wconf 88' lang='lat' dir='ltr'>que</span> <span class='ocrx_word' id='word_1_273' title='bbox 844 1432 862 1451; x_wconf 86' lang='lat' dir='ltr'>a</span> <span class='ocrx_word' id='word_1_274' title='bbox 879 1420 1025 1450; x_wconf 83' lang='lat' dir='ltr'>Romana</span> <span class='ocrx_word' id='word_1_275' title='bbox 1049 1420 1099 1450; x_wconf 81' lang='lat' dir='ltr'>vel</span> <span class='ocrx_word' id='word_1_276' title='bbox 1124 1420 1376 1460; x_wconf 62' lang='lat' dir='ltr'>‹Tluibuscumque</span> <span class='ocrx_word' id='word_1_277' title='bbox 1400 1420 1470 1450; x_wconf 89' lang='lat' dir='ltr'>aliis</span> <span class='ocrx_word' id='word_1_278' title='bbox 1493 1419 1636 1450; x_wconf 86' lang='lat' dir='ltr'>ecclesiis</span> <span class='ocrx_word' id='word_1_279' title='bbox 1660 1424 1715 1450; x_wconf 86' lang='lat' dir='ltr'>aut</span> <span class='ocrx_word' id='word_1_280' title='bbox 1738 1421 1872 1460; x_wconf 86' lang='lat' dir='ltr'>imperio</span> 
     </span>
    </p>

    <p class='ocr_par' dir='ltr' id='par_1_7' title="bbox 177 1470 1873 1718">
     <span class='ocr_line' id='line_1_26' title="bbox 177 1470 1873 1512; baseline -0.001 -10"><span class='ocrx_word' id='word_1_281' title='bbox 177 1484 201 1503; x_wconf 81' lang='lat'>25</span> <span class='ocrx_word' id='word_1_282' title='bbox 220 1473 251 1502; x_wconf 91' lang='lat' dir='ltr'>in</span> <span class='ocrx_word' id='word_1_283' title='bbox 274 1473 378 1503; x_wconf 87' lang='lat' dir='ltr'>insula</span> <span class='ocrx_word' id='word_1_284' title='bbox 401 1472 508 1502; x_wconf 80' lang='lat' dir='ltr'>Sicilie</span> <span class='ocrx_word' id='word_1_285' title='bbox 533 1475 587 1502; x_wconf 88' lang='lat' dir='ltr'>aut</span> <span class='ocrx_word' id='word_1_286' title='bbox 611 1471 774 1512; x_wconf 80' lang='lat' dir='ltr'>quibusvis</span> <span class='ocrx_word' id='word_1_287' title='bbox 799 1471 876 1502; x_wconf 81' lang='lat' dir='ltr'>locis</span> <span class='ocrx_word' id='word_1_288' title='bbox 900 1482 956 1502; x_wconf 85' lang='lat' dir='ltr'>seu</span> <span class='ocrx_word' id='word_1_289' title='bbox 980 1472 1123 1511; x_wconf 89' lang='lat' dir='ltr'>partibus</span> <span class='ocrx_word' id='word_1_290' title='bbox 1147 1471 1282 1502; x_wconf 85' lang='lat' dir='ltr'>haberet</span> <span class='ocrx_word' id='word_1_291' title='bbox 1306 1471 1355 1501; x_wconf 84' lang='lat' dir='ltr'>vel</span> <span class='ocrx_word' id='word_1_292' title='bbox 1381 1471 1540 1502; x_wconf 86' lang='lat' dir='ltr'>obtineret</span> <span class='ocrx_word' id='word_1_293' title='bbox 1564 1471 1648 1507; x_wconf 82' lang='lat' dir='ltr'>aliis,</span> <span class='ocrx_word' id='word_1_294' title='bbox 1673 1470 1873 1501; x_wconf 86' lang='lat' dir='ltr'>declaramus</span> 
     </span>
     <span class='ocr_line' id='line_1_27' title="bbox 221 1523 1873 1564; baseline -0.001 -10"><span class='ocrx_word' id='word_1_295' title='bbox 221 1523 260 1554; x_wconf 89' lang='lat' dir='ltr'>de</span> <span class='ocrx_word' id='word_1_296' title='bbox 286 1523 440 1554; x_wconf 89' lang='lat' dir='ltr'>dictorum</span> <span class='ocrx_word' id='word_1_297' title='bbox 467 1523 598 1554; x_wconf 81' lang='lat' dir='ltr'>fratrum</span> <span class='ocrx_word' id='word_1_298' title='bbox 624 1523 754 1554; x_wconf 84' lang='lat' dir='ltr'>consilio</span> <span class='ocrx_word' id='word_1_299' title='bbox 779 1526 810 1553; x_wconf 89' lang='lat' dir='ltr'>et</span> <span class='ocrx_word' id='word_1_300' title='bbox 828 1523 1068 1564; x_wconf 85' lang='lat' dir='ltr'>pronuntiamus</span> <span class='ocrx_word' id='word_1_301' title='bbox 1092 1527 1223 1564; x_wconf 89' lang='lat' dir='ltr'>propter</span> <span class='ocrx_word' id='word_1_302' title='bbox 1247 1523 1369 1553; x_wconf 86' lang='lat' dir='ltr'>scelera</span> <span class='ocrx_word' id='word_1_303' title='bbox 1393 1533 1450 1553; x_wconf 84' lang='lat' dir='ltr'>sua</span> <span class='ocrx_word' id='word_1_304' title='bbox 1475 1526 1507 1553; x_wconf 87' lang='lat' dir='ltr'>et</span> <span class='ocrx_word' id='word_1_305' title='bbox 1528 1533 1695 1562; x_wconf 82' lang='lat' dir='ltr'>processus</span> <span class='ocrx_word' id='word_1_306' title='bbox 1713 1523 1873 1563; x_wconf 86' lang='lat' dir='ltr'>predictos</span> 
     </span>
     <span class='ocr_line' id='line_1_28' title="bbox 220 1574 1873 1616; baseline -0.001 -11"><span class='ocrx_word' id='word_1_307' title='bbox 220 1575 288 1605; x_wconf 83' lang='lat' dir='ltr'>fore</span> <span class='ocrx_word' id='word_1_308' title='bbox 313 1575 471 1615; x_wconf 88' lang='lat' dir='ltr'>privatum</span> <span class='ocrx_word' id='word_1_309' title='bbox 495 1575 663 1616; x_wconf 84' lang='lat' dir='ltr'>ipsumque</span> <span class='ocrx_word' id='word_1_310' title='bbox 688 1575 849 1615; x_wconf 80' lang='lat' dir='ltr'>privamus</span> <span class='ocrx_word' id='word_1_311' title='bbox 866 1575 985 1606; x_wconf 86' lang='lat' dir='ltr'>eisdem</span> <span class='ocrx_word' id='word_1_312' title='bbox 1005 1574 1045 1605; x_wconf 89' lang='lat' dir='ltr'>ad</span> <span class='ocrx_word' id='word_1_313' title='bbox 1063 1575 1221 1605; x_wconf 83' lang='lat' dir='ltr'>cautelam</span> <span class='ocrx_word' id='word_1_314' title='bbox 1239 1574 1463 1605; x_wconf 87' lang='lat' dir='ltr'>nichilominus</span> <span class='ocrx_word' id='word_1_315' title='bbox 1488 1578 1519 1604; x_wconf 89' lang='lat' dir='ltr'>et</span> <span class='ocrx_word' id='word_1_316' title='bbox 1537 1575 1873 1604; x_wconf 79' lang='lat' dir='ltr'>excommunicationis</span> 
     </span>
     <span class='ocr_line' id='line_1_29' title="bbox 220 1625 1872 1666; baseline 0 -10"><span class='ocrx_word' id='word_1_317' title='bbox 220 1626 378 1656; x_wconf 87' lang='lat' dir='ltr'>sententia</span> <span class='ocrx_word' id='word_1_318' title='bbox 394 1626 593 1661; x_wconf 78' lang='lat' dir='ltr'>innodamus,</span> <span class='ocrx_word' id='word_1_319' title='bbox 617 1626 820 1656; x_wconf 81' lang='lat' dir='ltr'>absolventes</span> <span class='ocrx_word' id='word_1_320' title='bbox 836 1627 966 1666; x_wconf 87' lang='lat' dir='ltr'>insuper</span> <span class='ocrx_word' id='word_1_321' title='bbox 988 1637 1006 1656; x_wconf 87' lang='lat' dir='ltr'>a</span> <span class='ocrx_word' id='word_1_322' title='bbox 1023 1626 1147 1656; x_wconf 75' lang='lat' dir='ltr'>vinculo</span> <span class='ocrx_word' id='word_1_323' title='bbox 1166 1626 1335 1657; x_wconf 84' lang='lat' dir='ltr'>iuramenti</span> <span class='ocrx_word' id='word_1_324' title='bbox 1351 1625 1515 1656; x_wconf 86' lang='lat' dir='ltr'>fidelitatis</span> <span class='ocrx_word' id='word_1_325' title='bbox 1540 1635 1649 1655; x_wconf 84' lang='lat' dir='ltr'>omncs</span> <span class='ocrx_word' id='word_1_326' title='bbox 1674 1629 1705 1655; x_wconf 93' lang='lat' dir='ltr'>et</span> <span class='ocrx_word' id='word_1_327' title='bbox 1722 1626 1872 1666; x_wconf 81' lang='lat' dir='ltr'>singulos,</span> 
     </span>
     <span class='ocr_line' id='line_1_30' title="bbox 221 1677 1056 1718; baseline 0 -11"><span class='ocrx_word' id='word_1_328' title='bbox 221 1678 274 1718; x_wconf 89' lang='lat' dir='ltr'>qui</span> <span class='ocrx_word' id='word_1_329' title='bbox 299 1677 403 1708; x_wconf 84' lang='lat' dir='ltr'>eidem</span> <span class='ocrx_word' id='word_1_330' title='bbox 426 1678 604 1708; x_wconf 86' lang='lat' dir='ltr'>iuramento</span> <span class='ocrx_word' id='word_1_331' title='bbox 628 1677 809 1707; x_wconf 86' lang='lat' dir='ltr'>huiusmodi</span> <span class='ocrx_word' id='word_1_332' title='bbox 833 1682 903 1707; x_wconf 88' lang='lat' dir='ltr'>sunt</span> <span class='ocrx_word' id='word_1_333' title='bbox 927 1678 1056 1707; x_wconf 89' lang='lat' dir='ltr'>astricti.</span> 
     </span>
    </p>

    <p class='ocr_par' dir='ltr' id='par_1_8' title="bbox 177 1727 1873 1973">
     <span class='ocr_line' id='line_1_31' title="bbox 177 1727 1873 1769; baseline 0 -10"><span class='ocrx_word' id='word_1_334' title='bbox 177 1742 201 1760; x_wconf 78' lang='lat'>30</span> <span class='ocrx_word' id='word_1_335' title='bbox 327 1731 356 1759; x_wconf 79' lang='lat'>4.</span> <span class='ocrx_word' id='word_1_336' title='bbox 392 1728 475 1759; x_wconf 80' lang='lat' dir='ltr'>Sane</span> <span class='ocrx_word' id='word_1_337' title='bbox 505 1729 578 1769; x_wconf 88' lang='lat' dir='ltr'>quia</span> <span class='ocrx_word' id='word_1_338' title='bbox 608 1728 709 1759; x_wconf 89' lang='lat' dir='ltr'>dictus</span> <span class='ocrx_word' id='word_1_339' title='bbox 739 1729 896 1759; x_wconf 89' lang='lat' dir='ltr'>Iohannes</span> <span class='ocrx_word' id='word_1_340' title='bbox 926 1728 965 1758; x_wconf 91' lang='lat' dir='ltr'>de</span> <span class='ocrx_word' id='word_1_341' title='bbox 991 1729 1096 1759; x_wconf 76' lang='lat' dir='ltr'>heresi</span> <span class='ocrx_word' id='word_1_342' title='bbox 1127 1731 1159 1758; x_wconf 93' lang='lat' dir='ltr'>et</span> <span class='ocrx_word' id='word_1_343' title='bbox 1187 1728 1335 1758; x_wconf 84' lang='lat' dir='ltr'>scismate</span> <span class='ocrx_word' id='word_1_344' title='bbox 1365 1728 1500 1768; x_wconf 86' lang='lat' dir='ltr'>aliisque</span> <span class='ocrx_word' id='word_1_345' title='bbox 1532 1727 1664 1758; x_wconf 76' lang='lat' dir='ltr'>diversis</span> <span class='ocrx_word' id='word_1_346' title='bbox 1689 1728 1873 1759; x_wconf 87' lang='lat' dir='ltr'>criminibus</span> 
     </span>
     <span class='ocr_line' id='line_1_32' title="bbox 220 1778 1873 1820; baseline 0 -10"><span class='ocrx_word' id='word_1_347' title='bbox 220 1779 317 1810; x_wconf 84' lang='lat' dir='ltr'>fidem</span> <span class='ocrx_word' id='word_1_348' title='bbox 342 1779 546 1819; x_wconf 84' lang='lat' dir='ltr'>tangentibus</span> <span class='ocrx_word' id='word_1_349' title='bbox 570 1779 760 1810; x_wconf 85' lang='lat' dir='ltr'>catholicam</span> <span class='ocrx_word' id='word_1_350' title='bbox 785 1779 993 1810; x_wconf 87' lang='lat' dir='ltr'>vehementer</span> <span class='ocrx_word' id='word_1_351' title='bbox 1016 1779 1156 1810; x_wconf 89' lang='lat' dir='ltr'>reddidit</span> <span class='ocrx_word' id='word_1_352' title='bbox 1186 1789 1219 1808; x_wconf 90' lang='lat' dir='ltr'>se</span> <span class='ocrx_word' id='word_1_353' title='bbox 1251 1782 1448 1819; x_wconf 81' lang='lat' dir='ltr'>suspectum,</span> <span class='ocrx_word' id='word_1_354' title='bbox 1479 1789 1536 1808; x_wconf 86' lang='lat' dir='ltr'>nos</span> <span class='ocrx_word' id='word_1_355' title='bbox 1560 1778 1763 1809; x_wconf 86' lang='lat' dir='ltr'>attendentes</span> <span class='ocrx_word' id='word_1_356' title='bbox 1787 1780 1873 1820; x_wconf 86' lang='lat' dir='ltr'>quod</span> 
     </span>
     <span class='ocr_line' id='line_1_33' title="bbox 223 1829 1871 1871; baseline 0.001 -11"><span class='ocrx_word' id='word_1_357' title='bbox 223 1830 433 1860; x_wconf 81' lang='lat' dir='ltr'>dissimulatio</span> <span class='ocrx_word' id='word_1_358' title='bbox 470 1834 502 1861; x_wconf 91' lang='lat' dir='ltr'>et</span> <span class='ocrx_word' id='word_1_359' title='bbox 535 1841 625 1860; x_wconf 88' lang='lat' dir='ltr'>mora</span> <span class='ocrx_word' id='word_1_360' title='bbox 660 1834 767 1861; x_wconf 85' lang='lat' dir='ltr'>essent</span> <span class='ocrx_word' id='word_1_361' title='bbox 797 1841 892 1870; x_wconf 88' lang='lat' dir='ltr'>super</span> <span class='ocrx_word' id='word_1_362' title='bbox 923 1831 982 1860; x_wconf 86' lang='lat' dir='ltr'>hiis</span> <span class='ocrx_word' id='word_1_363' title='bbox 1013 1830 1085 1860; x_wconf 81' lang='lat' dir='ltr'>fidei</span> <span class='ocrx_word' id='word_1_364' title='bbox 1124 1833 1155 1860; x_wconf 89' lang='lat' dir='ltr'>et</span> <span class='ocrx_word' id='word_1_365' title='bbox 1185 1829 1331 1860; x_wconf 87' lang='lat' dir='ltr'>fidelibus</span> <span class='ocrx_word' id='word_1_366' title='bbox 1360 1829 1502 1870; x_wconf 87' lang='lat' dir='ltr'>pericula</span> <span class='ocrx_word' id='word_1_367' title='bbox 1530 1829 1679 1868; x_wconf 82' lang='lat' dir='ltr'>allaturc,</span> <span class='ocrx_word' id='word_1_368' title='bbox 1712 1830 1871 1871; x_wconf 82' lang='lat' dir='ltr'>prefatum</span> 
     </span>
     <span class='ocr_line' id='line_1_34' title="bbox 223 1881 1872 1922; baseline 0 -10"><span class='ocrx_word' id='word_1_369' title='bbox 223 1881 399 1912; x_wconf 86' lang='lat' dir='ltr'>Iohannem</span> <span class='ocrx_word' id='word_1_370' title='bbox 417 1892 474 1921; x_wconf 88' lang='lat' dir='ltr'>per</span> <span class='ocrx_word' id='word_1_371' title='bbox 489 1881 549 1912; x_wconf 89' lang='lat' dir='ltr'>hoc</span> <span class='ocrx_word' id='word_1_372' title='bbox 566 1881 706 1913; x_wconf 90' lang='lat' dir='ltr'>edictum</span> <span class='ocrx_word' id='word_1_373' title='bbox 723 1884 865 1912; x_wconf 87' lang='lat' dir='ltr'>nostrum</span> <span class='ocrx_word' id='word_1_374' title='bbox 883 1881 1055 1922; x_wconf 90' lang='lat' dir='ltr'>publicum,</span> <span class='ocrx_word' id='word_1_375' title='bbox 1080 1891 1151 1911; x_wconf 88' lang='lat' dir='ltr'>cum</span> <span class='ocrx_word' id='word_1_376' title='bbox 1175 1881 1216 1911; x_wconf 89' lang='lat' dir='ltr'>ad</span> <span class='ocrx_word' id='word_1_377' title='bbox 1241 1882 1343 1921; x_wconf 87' lang='lat' dir='ltr'>ipsum</span> <span class='ocrx_word' id='word_1_378' title='bbox 1362 1884 1475 1921; x_wconf 89' lang='lat' dir='ltr'>utpote</span> <span class='ocrx_word' id='word_1_379' title='bbox 1493 1881 1574 1911; x_wconf 91' lang='lat' dir='ltr'>inter</span> <span class='ocrx_word' id='word_1_380' title='bbox 1592 1881 1746 1920; x_wconf 87' lang='lat' dir='ltr'>inimicos,</span> <span class='ocrx_word' id='word_1_381' title='bbox 1763 1882 1872 1913; x_wconf 87' lang='lat' dir='ltr'>hostes</span> 
     </span>
     <span class='ocr_line' id='line_1_35' title="bbox 222 1932 1870 1973; baseline 0.001 -10"><span class='ocrx_word' id='word_1_382' title='bbox 222 1936 254 1963; x_wconf 91' lang='lat' dir='ltr'>et</span> <span class='ocrx_word' id='word_1_383' title='bbox 277 1932 415 1963; x_wconf 87' lang='lat' dir='ltr'>rebelles</span> <span class='ocrx_word' id='word_1_384' title='bbox 438 1932 499 1963; x_wconf 92' lang='lat' dir='ltr'>Dei</span> <span class='ocrx_word' id='word_1_385' title='bbox 524 1936 557 1963; x_wconf 86' lang='lat' dir='ltr'>et</span> <span class='ocrx_word' id='word_1_386' title='bbox 580 1933 714 1963; x_wconf 82' lang='lat' dir='ltr'>ecclesie</span> <span class='ocrx_word' id='word_1_387' title='bbox 740 1933 964 1973; x_wconf 85' lang='lat' dir='ltr'>persistentem</span> <span class='ocrx_word' id='word_1_388' title='bbox 990 1936 1074 1963; x_wconf 87' lang='lat' dir='ltr'>tutus</span> <span class='ocrx_word' id='word_1_389' title='bbox 1097 1942 1243 1963; x_wconf 86' lang='lat' dir='ltr'>accessus</span> <span class='ocrx_word' id='word_1_390' title='bbox 1267 1943 1329 1962; x_wconf 89' lang='lat' dir='ltr'>non</span> <span class='ocrx_word' id='word_1_391' title='bbox 1353 1935 1478 1972; x_wconf 81' lang='lat' dir='ltr'>pateat,</span> <span class='ocrx_word' id='word_1_392' title='bbox 1508 1934 1657 1972; x_wconf 87' lang='lat' dir='ltr'>presente</span> <span class='ocrx_word' id='word_1_393' title='bbox 1681 1932 1740 1963; x_wconf 89' lang='lat' dir='ltr'>hac</span> <span class='ocrx_word' id='word_1_394' title='bbox 1765 1934 1870 1964; x_wconf 89' lang='lat' dir='ltr'>multi-</span> 
     </span>
    </p>

    <p class='ocr_par' dir='ltr' id='par_1_9' title="bbox 177 1983 1974 2230">
     <span class='ocr_line' id='line_1_36' title="bbox 177 1983 1974 2025; baseline 0.001 -10"><span class='ocrx_word' id='word_1_395' title='bbox 177 1997 201 2015; x_wconf 70' lang='lat'>35</span> <span class='ocrx_word' id='word_1_396' title='bbox 222 1983 331 2015; x_wconf 85' lang='lat' dir='ltr'>tudine</span> <span class='ocrx_word' id='word_1_397' title='bbox 356 1984 487 2024; x_wconf 86' lang='lat' dir='ltr'>copiosa</span> <span class='ocrx_word' id='word_1_398' title='bbox 509 1983 651 2014; x_wconf 84' lang='lat' dir='ltr'>fidelium</span> <span class='ocrx_word' id='word_1_399' title='bbox 676 1985 809 2014; x_wconf 88' lang='lat' dir='ltr'>citamus</span> <span class='ocrx_word' id='word_1_400' title='bbox 833 1985 1059 2025; x_wconf 72' lang='lat' dir='ltr'>peremptorie,</span> <span class='ocrx_word' id='word_1_401' title='bbox 1084 1988 1118 2015; x_wconf 92' lang='lat' dir='ltr'>ut</span> <span class='ocrx_word' id='word_1_402' title='bbox 1141 1984 1223 2014; x_wconf 90' lang='lat' dir='ltr'>infra</span> <span class='ocrx_word' id='word_1_403' title='bbox 1247 1985 1367 2014; x_wconf 88' lang='lat' dir='ltr'>instans</span> <span class='ocrx_word' id='word_1_404' title='bbox 1391 1983 1507 2013; x_wconf 88' lang='lat' dir='ltr'>festum</span> <span class='ocrx_word' id='word_1_405' title='bbox 1532 1984 1724 2014; x_wconf 85' lang='lat' dir='ltr'>ascensionis</span> <span class='ocrx_word' id='word_1_406' title='bbox 1740 1984 1867 2015; x_wconf 89' lang='lat' dir='ltr'>Domini</span> <span class='ocrx_word' id='word_1_407' title='bbox 1884 1995 1926 2014; x_wconf 67' lang='lat' dir='ltr'>Mai</span> <span class='ocrx_word' id='word_1_408' title='bbox 1943 1998 1974 2016; x_wconf 72' lang='grc' dir='ltr'>ιτ.</span> 
     </span>
     <span class='ocr_line' id='line_1_37' title="bbox 222 2034 1871 2076; baseline 0.001 -11"><span class='ocrx_word' id='word_1_409' title='bbox 222 2035 383 2065; x_wconf 83' lang='lat' dir='ltr'>exclusive</span> <span class='ocrx_word' id='word_1_410' title='bbox 416 2038 522 2065; x_wconf 81' lang='lat' dir='ltr'>nostro</span> <span class='ocrx_word' id='word_1_411' title='bbox 552 2036 737 2075; x_wconf 88' lang='lat' dir='ltr'>conspectui</span> <span class='ocrx_word' id='word_1_412' title='bbox 768 2035 980 2076; x_wconf 88' lang='lat' dir='ltr'>personaliter</span> <span class='ocrx_word' id='word_1_413' title='bbox 1007 2046 1040 2066; x_wconf 89' lang='lat' dir='ltr'>se</span> <span class='ocrx_word' id='word_1_414' title='bbox 1068 2039 1233 2076; x_wconf 85' lang='lat' dir='ltr'>presentet</span> <span class='ocrx_word' id='word_1_415' title='bbox 1262 2045 1358 2075; x_wconf 90' lang='lat' dir='ltr'>super</span> <span class='ocrx_word' id='word_1_416' title='bbox 1387 2034 1508 2065; x_wconf 87' lang='lat' dir='ltr'>eisdem</span> <span class='ocrx_word' id='word_1_417' title='bbox 1545 2035 1728 2066; x_wconf 87' lang='lat' dir='ltr'>criminibus</span> <span class='ocrx_word' id='word_1_418' title='bbox 1756 2037 1871 2067; x_wconf 88' lang='lat' dir='ltr'>iustam</span> 
     </span>
     <span class='ocr_line' id='line_1_38' title="bbox 222 2086 1871 2128; baseline 0.002 -13"><span class='ocrx_word' id='word_1_419' title='bbox 222 2086 318 2116; x_wconf 88' lang='lat' dir='ltr'>dante</span> <span class='ocrx_word' id='word_1_420' title='bbox 336 2086 473 2116; x_wconf 90' lang='lat' dir='ltr'>Domino</span> <span class='ocrx_word' id='word_1_421' title='bbox 491 2087 680 2117; x_wconf 89' lang='lat' dir='ltr'>sententiam</span> <span class='ocrx_word' id='word_1_422' title='bbox 698 2086 863 2117; x_wconf 88' lang='lat' dir='ltr'>auditurus</span> <span class='ocrx_word' id='word_1_423' title='bbox 887 2097 923 2117; x_wconf 90' lang='lat' dir='ltr'>ac</span> <span class='ocrx_word' id='word_1_424' title='bbox 941 2087 1081 2117; x_wconf 87' lang='lat' dir='ltr'>facturus</span> <span class='ocrx_word' id='word_1_425' title='bbox 1098 2090 1130 2117; x_wconf 89' lang='lat' dir='ltr'>et</span> <span class='ocrx_word' id='word_1_426' title='bbox 1145 2090 1331 2127; x_wconf 87' lang='lat' dir='ltr'>recepturus</span> <span class='ocrx_word' id='word_1_427' title='bbox 1349 2086 1435 2127; x_wconf 87' lang='lat' dir='ltr'>quod</span> <span class='ocrx_word' id='word_1_428' title='bbox 1451 2086 1576 2116; x_wconf 81' lang='lat' dir='ltr'>iusticia</span> <span class='ocrx_word' id='word_1_429' title='bbox 1593 2086 1750 2126; x_wconf 86' lang='lat' dir='ltr'>suadebit,</span> <span class='ocrx_word' id='word_1_430' title='bbox 1776 2097 1871 2128; x_wconf 89' lang='lat' dir='ltr'>quem</span> 
     </span>
     <span class='ocr_line' id='line_1_39' title="bbox 222 2137 1871 2178; baseline 0.001 -13"><span class='ocrx_word' id='word_1_431' title='bbox 222 2137 351 2178; x_wconf 85' lang='lat' dir='ltr'>quidem</span> <span class='ocrx_word' id='word_1_432' title='bbox 387 2137 557 2168; x_wconf 87' lang='lat' dir='ltr'>terminum</span> <span class='ocrx_word' id='word_1_433' title='bbox 587 2137 627 2168; x_wconf 89' lang='lat' dir='ltr'>ad</span> <span class='ocrx_word' id='word_1_434' title='bbox 654 2138 810 2177; x_wconf 86' lang='lat' dir='ltr'>premissa</span> <span class='ocrx_word' id='word_1_435' title='bbox 839 2138 1091 2178; x_wconf 87' lang='lat' dir='ltr'>peremptorium</span> <span class='ocrx_word' id='word_1_436' title='bbox 1122 2137 1227 2169; x_wconf 86' lang='lat' dir='ltr'>eidem</span> <span class='ocrx_word' id='word_1_437' title='bbox 1261 2137 1299 2168; x_wconf 91' lang='lat' dir='ltr'>dc</span> <span class='ocrx_word' id='word_1_438' title='bbox 1329 2137 1546 2177; x_wconf 90' lang='lat' dir='ltr'>predictorum</span> <span class='ocrx_word' id='word_1_439' title='bbox 1576 2137 1708 2168; x_wconf 86' lang='lat' dir='ltr'>fratrum</span> <span class='ocrx_word' id='word_1_440' title='bbox 1739 2139 1871 2169; x_wconf 85' lang='lat' dir='ltr'>consilio</span> 
     </span>
     <span class='ocr_line' id='line_1_40' title="bbox 222 2188 1871 2230; baseline 0.001 -12"><span class='ocrx_word' id='word_1_441' title='bbox 222 2188 407 2229; x_wconf 82' lang='lat' dir='ltr'>prefigimus</span> <span class='ocrx_word' id='word_1_442' title='bbox 435 2198 472 2218; x_wconf 89' lang='lat' dir='ltr'>ac</span> <span class='ocrx_word' id='word_1_443' title='bbox 495 2189 591 2218; x_wconf 88' lang='lat' dir='ltr'>etiam</span> <span class='ocrx_word' id='word_1_444' title='bbox 615 2188 825 2229; x_wconf 83' lang='lat' dir='ltr'>assignamus.</span> <span class='ocrx_word' id='word_1_445' title='bbox 871 2189 1024 2229; x_wconf 86' lang='lat' dir='ltr'>Apertius</span> <span class='ocrx_word' id='word_1_446' title='bbox 1052 2189 1254 2230; x_wconf 87' lang='lat' dir='ltr'>predicentes</span> <span class='ocrx_word' id='word_1_447' title='bbox 1282 2189 1401 2227; x_wconf 89' lang='lat' dir='ltr'>eidem,</span> <span class='ocrx_word' id='word_1_448' title='bbox 1432 2188 1517 2229; x_wconf 89' lang='lat' dir='ltr'>quod</span> <span class='ocrx_word' id='word_1_449' title='bbox 1547 2188 1612 2218; x_wconf 87' lang='lat' dir='ltr'>sive</span> <span class='ocrx_word' id='word_1_450' title='bbox 1642 2189 1724 2219; x_wconf 88' lang='lat' dir='ltr'>infra</span> <span class='ocrx_word' id='word_1_451' title='bbox 1753 2189 1871 2220; x_wconf 90' lang='lat' dir='ltr'>dictum</span> 
     </span>
    </p>

    <p class='ocr_par' dir='ltr' id='par_1_10' title="bbox 179 2239 1871 2382">
     <span class='ocr_line' id='line_1_41' title="bbox 179 2239 1871 2281; baseline 0.002 -13"><span class='ocrx_word' id='word_1_452' title='bbox 179 2250 204 2268; x_wconf 62' lang='lat'>40</span> <span class='ocrx_word' id='word_1_453' title='bbox 224 2239 394 2269; x_wconf 86' lang='lat' dir='ltr'>terminum</span> <span class='ocrx_word' id='word_1_454' title='bbox 418 2239 468 2269; x_wconf 89' lang='lat' dir='ltr'>vel</span> <span class='ocrx_word' id='word_1_455' title='bbox 492 2239 522 2268; x_wconf 91' lang='lat' dir='ltr'>in</span> <span class='ocrx_word' id='word_1_456' title='bbox 547 2249 585 2269; x_wconf 92' lang='lat' dir='ltr'>ec</span> <span class='ocrx_word' id='word_1_457' title='bbox 610 2240 825 2280; x_wconf 86' lang='lat' dir='ltr'>comparuerit</span> <span class='ocrx_word' id='word_1_458' title='bbox 849 2241 914 2271; x_wconf 88' lang='lat' dir='ltr'>sive</span> <span class='ocrx_word' id='word_1_459' title='bbox 938 2251 1001 2271; x_wconf 91' lang='lat' dir='ltr'>non</span> <span class='ocrx_word' id='word_1_460' title='bbox 1025 2241 1239 2281; x_wconf 87' lang='lat' dir='ltr'>comparuerit</span> <span class='ocrx_word' id='word_1_461' title='bbox 1263 2250 1370 2270; x_wconf 90' lang='lat' dir='ltr'>coram</span> <span class='ocrx_word' id='word_1_462' title='bbox 1394 2239 1502 2279; x_wconf 89' lang='lat' dir='ltr'>nobis,</span> <span class='ocrx_word' id='word_1_463' title='bbox 1535 2250 1591 2270; x_wconf 90' lang='lat' dir='ltr'>nos</span> <span class='ocrx_word' id='word_1_464' title='bbox 1615 2240 1655 2270; x_wconf 87' lang='lat' dir='ltr'>ad</span> <span class='ocrx_word' id='word_1_465' title='bbox 1680 2242 1871 2272; x_wconf 87' lang='lat' dir='ltr'>sententiam</span> 
     </span>
     <span class='ocr_line' id='line_1_42' title="bbox 222 2289 1870 2332; baseline 0.001 -13"><span class='ocrx_word' id='word_1_466' title='bbox 222 2289 403 2320; x_wconf 88' lang='lat' dir='ltr'>huiusmodi</span> <span class='ocrx_word' id='word_1_467' title='bbox 426 2290 652 2330; x_wconf 87' lang='lat' dir='ltr'>proferendam</span> <span class='ocrx_word' id='word_1_468' title='bbox 677 2294 709 2321; x_wconf 92' lang='lat' dir='ltr'>et</span> <span class='ocrx_word' id='word_1_469' title='bbox 732 2291 811 2321; x_wconf 88' lang='lat' dir='ltr'>alias</span> <span class='ocrx_word' id='word_1_470' title='bbox 835 2294 943 2322; x_wconf 88' lang='lat' dir='ltr'>contra</span> <span class='ocrx_word' id='word_1_471' title='bbox 967 2292 1084 2332; x_wconf 85' lang='lat' dir='ltr'>ipsum,</span> <span class='ocrx_word' id='word_1_472' title='bbox 1114 2295 1209 2332; x_wconf 91' lang='lat' dir='ltr'>prout</span> <span class='ocrx_word' id='word_1_473' title='bbox 1232 2292 1364 2322; x_wconf 91' lang='lat' dir='ltr'>rationis</span> <span class='ocrx_word' id='word_1_474' title='bbox 1388 2291 1483 2322; x_wconf 85' lang='lat' dir='ltr'>fuerit</span> <span class='ocrx_word' id='word_1_475' title='bbox 1512 2294 1544 2322; x_wconf 90' lang='lat' dir='ltr'>et</span> <span class='ocrx_word' id='word_1_476' title='bbox 1568 2291 1723 2331; x_wconf 82' lang='lat' dir='ltr'>expedire</span> <span class='ocrx_word' id='word_1_477' title='bbox 1747 2292 1870 2322; x_wconf 87' lang='lat' dir='ltr'>videbi-</span> 
     </span>
     <span class='ocr_line' id='line_1_43' title="bbox 222 2340 978 2382; baseline 0.001 -10"><span class='ocrx_word' id='word_1_478' title='bbox 222 2352 302 2374; x_wconf 76' lang='lat' dir='ltr'>mus,</span> <span class='ocrx_word' id='word_1_479' title='bbox 328 2340 449 2381; x_wconf 84' lang='lat' dir='ltr'>absque</span> <span class='ocrx_word' id='word_1_480' title='bbox 474 2341 623 2372; x_wconf 89' lang='lat' dir='ltr'>citatione</span> <span class='ocrx_word' id='word_1_481' title='bbox 647 2341 711 2372; x_wconf 86' lang='lat' dir='ltr'>alia</span> <span class='ocrx_word' id='word_1_482' title='bbox 735 2342 978 2382; x_wconf 67' lang='lat' dir='ltr'>procedemusl.</span> 
     </span>
    </p>

    <p class='ocr_par' dir='ltr' id='par_1_11' title="bbox 224 2392 1872 2486">
     <span class='ocr_line' id='line_1_44' title="bbox 330 2392 1872 2434; baseline 0.001 -12"><span class='ocrx_word' id='word_1_483' title='bbox 330 2396 358 2423; x_wconf 78' lang='lat'>5.</span> <span class='ocrx_word' id='word_1_484' title='bbox 394 2392 549 2423; x_wconf 90' lang='lat' dir='ltr'>Volumus</span> <span class='ocrx_word' id='word_1_485' title='bbox 573 2396 680 2423; x_wconf 89' lang='lat' dir='ltr'>autem</span> <span class='ocrx_word' id='word_1_486' title='bbox 702 2394 892 2424; x_wconf 88' lang='lat' dir='ltr'>auctoritate</span> <span class='ocrx_word' id='word_1_487' title='bbox 917 2394 1093 2434; x_wconf 84' lang='lat' dir='ltr'>apostolica</span> <span class='ocrx_word' id='word_1_488' title='bbox 1117 2395 1340 2425; x_wconf 88' lang='lat' dir='ltr'>nichilominus</span> <span class='ocrx_word' id='word_1_489' title='bbox 1358 2393 1578 2433; x_wconf 82' lang='lat' dir='ltr'>decernentes,</span> <span class='ocrx_word' id='word_1_490' title='bbox 1604 2393 1689 2433; x_wconf 83' lang='lat' dir='ltr'>quod</span> <span class='ocrx_word' id='word_1_491' title='bbox 1706 2404 1872 2434; x_wconf 82' lang='lat' dir='ltr'>processus</span> 
     </span>
     <span class='ocr_line' id='line_1_45' title="bbox 224 2443 1872 2486; baseline 0.001 -13"><span class='ocrx_word' id='word_1_492' title='bbox 224 2447 256 2474; x_wconf 87' lang='lat' dir='ltr'>et</span> <span class='ocrx_word' id='word_1_493' title='bbox 286 2444 444 2474; x_wconf 88' lang='lat' dir='ltr'>citationis</span> <span class='ocrx_word' id='word_1_494' title='bbox 473 2443 612 2474; x_wconf 87' lang='lat' dir='ltr'>edictum</span> <span class='ocrx_word' id='word_1_495' title='bbox 635 2443 816 2475; x_wconf 87' lang='lat' dir='ltr'>huiusmodi</span> <span class='ocrx_word' id='word_1_496' title='bbox 845 2445 1004 2486; x_wconf 88' lang='lat' dir='ltr'>prefatum</span> <span class='ocrx_word' id='word_1_497' title='bbox 1029 2445 1205 2477; x_wconf 88' lang='lat' dir='ltr'>Iohannem</span> <span class='ocrx_word' id='word_1_498' title='bbox 1234 2450 1266 2476; x_wconf 90' lang='lat' dir='ltr'>et</span> <span class='ocrx_word' id='word_1_499' title='bbox 1296 2446 1374 2476; x_wconf 90' lang='lat' dir='ltr'>alios</span> <span class='ocrx_word' id='word_1_500' title='bbox 1405 2455 1483 2486; x_wconf 89' lang='lat' dir='ltr'>quos</span> <span class='ocrx_word' id='word_1_501' title='bbox 1513 2448 1645 2486; x_wconf 85' lang='lat' dir='ltr'>tangere</span> <span class='ocrx_word' id='word_1_502' title='bbox 1677 2445 1872 2486; x_wconf 86' lang='lat' dir='ltr'>dignoscitur</span> 
     </span>
    </p>

    <p class='ocr_par' dir='ltr' id='par_1_12' title="bbox 180 2495 1871 2691">
     <span class='ocr_line' id='line_1_46' title="bbox 180 2495 1869 2537; baseline 0 -12"><span class='ocrx_word' id='word_1_503' title='bbox 180 2508 204 2525; x_wconf 69' lang='lat'>45</span> <span class='ocrx_word' id='word_1_504' title='bbox 225 2495 448 2537; x_wconf 85' lang='lat' dir='ltr'>apprehendat</span> <span class='ocrx_word' id='word_1_505' title='bbox 484 2499 516 2526; x_wconf 89' lang='lat' dir='ltr'>et</span> <span class='ocrx_word' id='word_1_506' title='bbox 550 2498 647 2531; x_wconf 80' lang='lat' dir='ltr'>artet,</span> <span class='ocrx_word' id='word_1_507' title='bbox 684 2497 748 2526; x_wconf 89' lang='lat' dir='ltr'>acsi</span> <span class='ocrx_word' id='word_1_508' title='bbox 783 2496 904 2527; x_wconf 88' lang='lat' dir='ltr'>eisdem</span> <span class='ocrx_word' id='word_1_509' title='bbox 937 2496 1150 2537; x_wconf 89' lang='lat' dir='ltr'>personaliter</span> <span class='ocrx_word' id='word_1_510' title='bbox 1184 2500 1215 2528; x_wconf 91' lang='lat' dir='ltr'>et</span> <span class='ocrx_word' id='word_1_511' title='bbox 1248 2497 1452 2537; x_wconf 85' lang='lat' dir='ltr'>singulariter</span> <span class='ocrx_word' id='word_1_512' title='bbox 1481 2496 1635 2537; x_wconf 90' lang='lat' dir='ltr'>publicati</span> <span class='ocrx_word' id='word_1_513' title='bbox 1671 2500 1703 2526; x_wconf 91' lang='lat' dir='ltr'>et</span> <span class='ocrx_word' id='word_1_514' title='bbox 1735 2497 1869 2526; x_wconf 89' lang='lat' dir='ltr'>intimati</span> 
     </span>
     <span class='ocr_line' id='line_1_47' title="bbox 224 2547 1871 2589; baseline -0.001 -12"><span class='ocrx_word' id='word_1_515' title='bbox 224 2547 398 2578; x_wconf 88' lang='lat' dir='ltr'>solenniter</span> <span class='ocrx_word' id='word_1_516' title='bbox 432 2547 625 2584; x_wconf 87' lang='lat' dir='ltr'>extitissent,</span> <span class='ocrx_word' id='word_1_517' title='bbox 661 2548 884 2578; x_wconf 88' lang='lat' dir='ltr'>constitutione</span> <span class='ocrx_word' id='word_1_518' title='bbox 914 2558 1116 2588; x_wconf 88' lang='lat' dir='ltr'>quacumque</span> <span class='ocrx_word' id='word_1_519' title='bbox 1150 2558 1207 2588; x_wconf 92' lang='lat' dir='ltr'>per</span> <span class='ocrx_word' id='word_1_520' title='bbox 1236 2548 1400 2579; x_wconf 83' lang='lat' dir='ltr'>Romanos</span> <span class='ocrx_word' id='word_1_521' title='bbox 1428 2548 1595 2589; x_wconf 84' lang='lat' dir='ltr'>pontifices</span> <span class='ocrx_word' id='word_1_522' title='bbox 1628 2547 1871 2588; x_wconf 83' lang='lat' dir='ltr'>predecessores</span> 
     </span>
     <span class='ocr_line' id='line_1_48' title="bbox 224 2598 1870 2640; baseline -0.001 -12"><span class='ocrx_word' id='word_1_523' title='bbox 224 2602 348 2629; x_wconf 88' lang='lat' dir='ltr'>nostros</span> <span class='ocrx_word' id='word_1_524' title='bbox 380 2598 412 2628; x_wconf 92' lang='lat' dir='ltr'>in</span> <span class='ocrx_word' id='word_1_525' title='bbox 444 2599 636 2629; x_wconf 88' lang='lat' dir='ltr'>contrarium</span> <span class='ocrx_word' id='word_1_526' title='bbox 667 2598 753 2629; x_wconf 90' lang='lat' dir='ltr'>edita</span> <span class='ocrx_word' id='word_1_527' title='bbox 784 2609 845 2630; x_wconf 92' lang='lat' dir='ltr'>non</span> <span class='ocrx_word' id='word_1_528' title='bbox 877 2598 1032 2630; x_wconf 88' lang='lat' dir='ltr'>obstante.</span> <span class='ocrx_word' id='word_1_529' title='bbox 1093 2599 1137 2630; x_wconf 86' lang='lat' dir='ltr'>Ut</span> <span class='ocrx_word' id='word_1_530' title='bbox 1167 2602 1275 2630; x_wconf 89' lang='lat' dir='ltr'>autem</span> <span class='ocrx_word' id='word_1_531' title='bbox 1306 2610 1475 2640; x_wconf 90' lang='lat' dir='ltr'>processus</span> <span class='ocrx_word' id='word_1_532' title='bbox 1508 2606 1616 2629; x_wconf 85' lang='lat' dir='ltr'>noster</span> <span class='ocrx_word' id='word_1_533' title='bbox 1652 2602 1684 2628; x_wconf 88' lang='lat' dir='ltr'>ct</span> <span class='ocrx_word' id='word_1_534' title='bbox 1715 2598 1870 2628; x_wconf 82' lang='lat' dir='ltr'>citationis</span> 
     </span>
     <span class='ocr_line' id='line_1_49' title="bbox 225 2648 1870 2691; baseline -0.001 -12"><span class='ocrx_word' id='word_1_535' title='bbox 225 2649 364 2680; x_wconf 84' lang='lat' dir='ltr'>edictum</span> <span class='ocrx_word' id='word_1_536' title='bbox 385 2648 542 2680; x_wconf 88' lang='lat' dir='ltr'>eiusmodi</span> <span class='ocrx_word' id='word_1_537' title='bbox 561 2649 602 2680; x_wconf 89' lang='lat' dir='ltr'>ad</span> <span class='ocrx_word' id='word_1_538' title='bbox 620 2650 762 2681; x_wconf 89' lang='lat' dir='ltr'>eiusdem</span> <span class='ocrx_word' id='word_1_539' title='bbox 779 2650 931 2681; x_wconf 82' lang='lat' dir='ltr'>Iohannis</span> <span class='ocrx_word' id='word_1_540' title='bbox 948 2650 987 2681; x_wconf 89' lang='lat' dir='ltr'>de</span> <span class='ocrx_word' id='word_1_541' title='bbox 1006 2649 1209 2681; x_wconf 85' lang='lat' dir='ltr'>Claromonte</span> <span class='ocrx_word' id='word_1_542' title='bbox 1234 2654 1265 2681; x_wconf 88' lang='lat' dir='ltr'>et</span> <span class='ocrx_word' id='word_1_543' title='bbox 1290 2650 1424 2681; x_wconf 88' lang='lat' dir='ltr'>aliorum</span> <span class='ocrx_word' id='word_1_544' title='bbox 1450 2660 1529 2691; x_wconf 85' lang='lat' dir='ltr'>quos</span> <span class='ocrx_word' id='word_1_545' title='bbox 1549 2650 1650 2689; x_wconf 88' lang='lat' dir='ltr'>tangit</span> <span class='ocrx_word' id='word_1_546' title='bbox 1670 2659 1870 2679; x_wconf 90' lang='lat' dir='ltr'>communem</span> 
     </span>
    </p>
   </div>
   <div class='ocr_carea' id='block_1_3' title="bbox 180 2716 804 2799">
    <p class='ocr_par' dir='ltr' id='par_1_13' title="bbox 180 2716 804 2799">
     <span class='ocr_line' id='line_1_50' title="bbox 327 2716 629 2745; baseline 0.007 -4"><span class='ocrx_word' id='word_1_547' title='bbox 327 2716 394 2742; x_wconf 74' lang='lat'>686.</span> <span class='ocrx_word' id='word_1_548' title='bbox 423 2717 447 2745; x_wconf 75' lang='lat' dir='ltr'>d)</span> <span class='ocrx_word' id='word_1_549' title='bbox 467 2719 590 2742; x_wconf 85' lang='lat' dir='ltr'>Kaccauu</span> <span class='ocrx_word' id='word_1_550' title='bbox 609 2726 629 2743; x_wconf 80' lang='lat' dir='ltr'>c.</span> 
     </span>
     <span class='ocr_line' id='line_1_51' title="bbox 180 2767 804 2799; baseline 0.005 -7"><span class='ocrx_word' id='word_1_551' title='bbox 180 2774 205 2793; x_wconf 69' lang='lat'>⁵0</span> <span class='ocrx_word' id='word_1_552' title='bbox 327 2768 352 2799; x_wconf 88' lang='lat'>1)</span> <span class='ocrx_word' id='word_1_553' title='bbox 375 2767 416 2799; x_wconf 78' lang='lat' dir='ltr'>Cf.</span> <span class='ocrx_word' id='word_1_554' title='bbox 430 2768 507 2799; x_wconf 73' lang='lat' dir='ltr'>insm</span> <span class='ocrx_word' id='word_1_555' title='bbox 526 2767 561 2793; x_wconf 78' lang='lat' dir='ltr'>acl</span> <span class='ocrx_word' id='word_1_556' title='bbox 579 2776 603 2794; x_wconf 81' lang='grc' dir='ltr'>α,</span> <span class='ocrx_word' id='word_1_557' title='bbox 619 2771 687 2795; x_wconf 84' lang='grc'><em>1331.</em></span> <span class='ocrx_word' id='word_1_558' title='bbox 708 2770 766 2795; x_wconf 80' lang='lat' dir='ltr'>Ian.</span> <span class='ocrx_word' id='word_1_559' title='bbox 781 2773 804 2796; x_wconf 73' lang='lat'>4.</span> 
     </span>
    </p>
   </div>
  </div>
 </body>
</html>
