<?xml version="1.0" encoding="UTF-8"?>
<!DOCTYPE html PUBLIC "-//W3C//DTD XHTML 1.0 Transitional//EN"
    "http://www.w3.org/TR/xhtml1/DTD/xhtml1-transitional.dtd">
<html xmlns="http://www.w3.org/1999/xhtml" xml:lang="en" lang="en">
 <head>
  <title>
</title>
<meta http-equiv="Content-Type" content="text/html;charset=utf-8" />
  <meta name='ocr-system' content='tesseract 3.04.00' />
  <meta name='ocr-capabilities' content='ocr_page ocr_carea ocr_par ocr_line ocrx_word'/>
</head>
<body>
  <div class='ocr_page' id='page_1' title='image "./monumentagermani0601geseuoft/monumentagermani0601geseuoft_0221.png"; bbox 0 0 2205 3025; ppageno 0'>
   <div class='ocr_carea' id='block_1_1' title="bbox 116 472 128 490">
    <p class='ocr_par' dir='ltr' id='par_1_1' title="bbox 116 472 128 490">
     <span class='ocr_line' id='line_1_1' title="bbox 116 472 128 490; baseline 0 0"><span class='ocrx_word' id='word_1_1' title='bbox 116 472 128 490; x_wconf 73' lang='lat'><strong>5</strong></span> 
     </span>
    </p>
   </div>
   <div class='ocr_carea' id='block_1_2' title="bbox 102 731 126 750">
    <p class='ocr_par' dir='ltr' id='par_1_2' title="bbox 102 731 126 750">
     <span class='ocr_line' id='line_1_2' title="bbox 102 731 126 750; baseline 0 0"><span class='ocrx_word' id='word_1_2' title='bbox 102 731 126 750; x_wconf 81' lang='lat'>10</span> 
     </span>
    </p>
   </div>
   <div class='ocr_carea' id='block_1_3' title="bbox 101 989 123 1006">
    <p class='ocr_par' dir='ltr' id='par_1_3' title="bbox 101 989 123 1006">
     <span class='ocr_line' id='line_1_3' title="bbox 101 989 123 1006; baseline 0 0"><span class='ocrx_word' id='word_1_3' title='bbox 101 989 123 1006; x_wconf 79' lang='lat'>15</span> 
     </span>
    </p>
   </div>
   <div class='ocr_carea' id='block_1_4' title="bbox 101 1244 128 1262">
    <p class='ocr_par' dir='ltr' id='par_1_4' title="bbox 101 1244 128 1262">
     <span class='ocr_line' id='line_1_4' title="bbox 101 1244 128 1262; baseline 0 0"><span class='ocrx_word' id='word_1_4' title='bbox 101 1244 128 1262; x_wconf 76' lang='lat'>20</span> 
     </span>
    </p>
   </div>
   <div class='ocr_carea' id='block_1_5' title="bbox 102 1501 126 1520">
    <p class='ocr_par' dir='ltr' id='par_1_5' title="bbox 102 1501 126 1520">
     <span class='ocr_line' id='line_1_5' title="bbox 102 1501 126 1520; baseline -0.042 0"><span class='ocrx_word' id='word_1_5' title='bbox 102 1501 126 1520; x_wconf 76' lang='lat'>25</span> 
     </span>
    </p>
   </div>
   <div class='ocr_carea' id='block_1_6' title="bbox 99 1756 124 1775">
    <p class='ocr_par' dir='ltr' id='par_1_6' title="bbox 99 1756 124 1775">
     <span class='ocr_line' id='line_1_6' title="bbox 99 1756 124 1775; baseline -0.04 0"><span class='ocrx_word' id='word_1_6' title='bbox 99 1756 124 1775; x_wconf 83' lang='lat'>30</span> 
     </span>
    </p>
   </div>
   <div class='ocr_carea' id='block_1_7' title="bbox 99 2020 124 2039">
    <p class='ocr_par' dir='ltr' id='par_1_7' title="bbox 99 2020 124 2039">
     <span class='ocr_line' id='line_1_7' title="bbox 99 2020 124 2039; baseline 0 0"><span class='ocrx_word' id='word_1_7' title='bbox 99 2020 124 2039; x_wconf 80' lang='lat'>35</span> 
     </span>
    </p>
   </div>
   <div class='ocr_carea' id='block_1_8' title="bbox 101 2276 127 2294">
    <p class='ocr_par' dir='ltr' id='par_1_8' title="bbox 101 2276 127 2294">
     <span class='ocr_line' id='line_1_8' title="bbox 101 2276 127 2294; baseline 0.038 -1"><span class='ocrx_word' id='word_1_8' title='bbox 101 2276 127 2294; x_wconf 79' lang='lat'>40</span> 
     </span>
    </p>
   </div>
   <div class='ocr_carea' id='block_1_9' title="bbox 102 2532 126 2550">
    <p class='ocr_par' dir='ltr' id='par_1_9' title="bbox 102 2532 126 2550">
     <span class='ocr_line' id='line_1_9' title="bbox 102 2532 126 2550; baseline -0.042 0"><span class='ocrx_word' id='word_1_9' title='bbox 102 2532 126 2550; x_wconf 76' lang='lat'>45</span> 
     </span>
    </p>
   </div>
   <div class='ocr_carea' id='block_1_10' title="bbox 419 167 1798 200">
    <p class='ocr_par' dir='ltr' id='par_1_10' title="bbox 419 167 1798 200">
     <span class='ocr_line' id='line_1_10' title="bbox 419 167 1798 200; baseline -0.001 -5"><span class='ocrx_word' id='word_1_10' title='bbox 419 169 515 195; x_wconf 79' lang='lat' dir='ltr'><strong>ACTA</strong></span> <span class='ocrx_word' id='word_1_11' title='bbox 535 168 647 194; x_wconf 77' lang='lat' dir='ltr'>REGNI</span> <span class='ocrx_word' id='word_1_12' title='bbox 668 167 849 194; x_wconf 77' lang='lat' dir='ltr'>LUDEWICI</span> <span class='ocrx_word' id='word_1_13' title='bbox 868 168 913 193; x_wconf 81' lang='lat' dir='ltr'>IV.</span> <span class='ocrx_word' id='word_1_14' title='bbox 934 168 977 194; x_wconf 83' lang='lat' dir='ltr'>ET</span> <span class='ocrx_word' id='word_1_15' title='bbox 999 167 1183 194; x_wconf 79' lang='lat' dir='ltr'>FRIDERICI</span> <span class='ocrx_word' id='word_1_16' title='bbox 1205 168 1250 194; x_wconf 89' lang='lat' dir='ltr'>III.</span> <span class='ocrx_word' id='word_1_17' title='bbox 1288 167 1363 194; x_wconf 67' lang='lat'>1:321.</span> <span class='ocrx_word' id='word_1_18' title='bbox 1401 167 1519 194; x_wconf 59' lang='lat' dir='ltr'>tvi-‚213</span> <span class='ocrx_word' id='word_1_19' title='bbox 1740 170 1798 200; x_wconf 73' lang='lat'>183</span> 
     </span>
    </p>
   </div>
   <div class='ocr_carea' id='block_1_11' title="bbox 141 257 1801 1480">
    <p class='ocr_par' dir='ltr' id='par_1_11' title="bbox 141 257 1801 700">
     <span class='ocr_line' id='line_1_11' title="bbox 150 257 1798 293; baseline -0.002 -8"><span class='ocrx_word' id='word_1_20' title='bbox 150 268 306 293; x_wconf 70' lang='lat' dir='ltr'>processum</span> <span class='ocrx_word' id='word_1_21' title='bbox 327 259 500 286; x_wconf 78' lang='lat' dir='ltr'>continentes</span> <span class='ocrx_word' id='word_1_22' title='bbox 520 258 635 285; x_wconf 87' lang='lat' dir='ltr'>eundem</span> <span class='ocrx_word' id='word_1_23' title='bbox 655 258 683 284; x_wconf 91' lang='lat' dir='ltr'>in</span> <span class='ocrx_word' id='word_1_24' title='bbox 702 258 818 284; x_wconf 79' lang='lat' dir='ltr'>ecclesie</span> <span class='ocrx_word' id='word_1_25' title='bbox 838 257 1052 290; x_wconf 80' lang='lat' dir='ltr'>Aviuionen(sis)</span> <span class='ocrx_word' id='word_1_26' title='bbox 1072 257 1194 291; x_wconf 79' lang='lat' dir='ltr'>appendi</span> <span class='ocrx_word' id='word_1_27' title='bbox 1216 257 1259 283; x_wconf 87' lang='lat' dir='ltr'>vel</span> <span class='ocrx_word' id='word_1_28' title='bbox 1279 257 1357 291; x_wconf 84' lang='lat' dir='ltr'>affigi</span> <span class='ocrx_word' id='word_1_29' title='bbox 1376 257 1453 283; x_wconf 85' lang='lat' dir='ltr'>ostiis</span> <span class='ocrx_word' id='word_1_30' title='bbox 1473 265 1519 283; x_wconf 86' lang='lat' dir='ltr'>seu</span> <span class='ocrx_word' id='word_1_31' title='bbox 1539 257 1798 291; x_wconf 69' lang='lat' dir='ltr'>superliminaribus</span> 
     </span>
     <span class='ocr_line' id='line_1_12' title="bbox 150 308 1798 344; baseline -0.002 -8"><span class='ocrx_word' id='word_1_32' title='bbox 150 310 292 341; x_wconf 79' lang='lat' dir='ltr'>fecimus,</span> <span class='ocrx_word' id='word_1_33' title='bbox 319 319 372 344; x_wconf 81' lang='lat' dir='ltr'>que</span> <span class='ocrx_word' id='word_1_34' title='bbox 395 318 553 344; x_wconf 73' lang='lat' dir='ltr'>processum</span> <span class='ocrx_word' id='word_1_35' title='bbox 580 309 670 343; x_wconf 83' lang='lat' dir='ltr'>ipsum</span> <span class='ocrx_word' id='word_1_36' title='bbox 694 318 742 336; x_wconf 93' lang='lat' dir='ltr'>suo</span> <span class='ocrx_word' id='word_1_37' title='bbox 765 309 844 342; x_wconf 82' lang='lat' dir='ltr'>quasi</span> <span class='ocrx_word' id='word_1_38' title='bbox 868 317 967 335; x_wconf 86' lang='lat' dir='ltr'>sonoro</span> <span class='ocrx_word' id='word_1_39' title='bbox 991 309 1121 343; x_wconf 84' lang='lat' dir='ltr'>preconio</span> <span class='ocrx_word' id='word_1_40' title='bbox 1145 311 1173 335; x_wconf 91' lang='lat' dir='ltr'>et</span> <span class='ocrx_word' id='word_1_41' title='bbox 1194 308 1291 341; x_wconf 84' lang='lat' dir='ltr'>patulo</span> <span class='ocrx_word' id='word_1_42' title='bbox 1316 308 1418 334; x_wconf 85' lang='lat' dir='ltr'>indicio</span> <span class='ocrx_word' id='word_1_43' title='bbox 1438 308 1648 342; x_wconf 70' lang='lat' dir='ltr'>publicarent,</span> <span class='ocrx_word' id='word_1_44' title='bbox 1675 311 1706 335; x_wconf 87' lang='lat' dir='ltr'>ut</span> <span class='ocrx_word' id='word_1_45' title='bbox 1725 308 1798 335; x_wconf 86' lang='lat' dir='ltr'>idem</span> 
     </span>
     <span class='ocr_line' id='line_1_13' title="bbox 149 360 1798 395; baseline -0.001 -7"><span class='ocrx_word' id='word_1_46' title='bbox 149 362 325 394; x_wconf 53' lang='lat' dir='ltr'>IAudovicus)</span> <span class='ocrx_word' id='word_1_47' title='bbox 345 364 375 388; x_wconf 87' lang='lat' dir='ltr'>et</span> <span class='ocrx_word' id='word_1_48' title='bbox 393 362 455 393; x_wconf 83' lang='lat' dir='ltr'>alii,</span> <span class='ocrx_word' id='word_1_49' title='bbox 475 370 543 395; x_wconf 89' lang='lat' dir='ltr'>quos</span> <span class='ocrx_word' id='word_1_50' title='bbox 562 369 705 395; x_wconf 79' lang='lat' dir='ltr'>processus</span> <span class='ocrx_word' id='word_1_51' title='bbox 724 361 785 394; x_wconf 86' lang='lat' dir='ltr'>ipse</span> <span class='ocrx_word' id='word_1_52' title='bbox 803 360 1006 394; x_wconf 81' lang='lat' dir='ltr'>contingeret.</span> <span class='ocrx_word' id='word_1_53' title='bbox 1032 361 1137 386; x_wconf 86' lang='lat' dir='ltr'>nullam</span> <span class='ocrx_word' id='word_1_54' title='bbox 1156 362 1279 394; x_wconf 81' lang='lat' dir='ltr'>possent</span> <span class='ocrx_word' id='word_1_55' title='bbox 1302 360 1505 386; x_wconf 77' lang='lat' dir='ltr'>excusationem</span> <span class='ocrx_word' id='word_1_56' title='bbox 1526 361 1701 394; x_wconf 84' lang='lat' dir='ltr'>pretendere.</span> <span class='ocrx_word' id='word_1_57' title='bbox 1726 361 1798 393; x_wconf 85' lang='lat' dir='ltr'>quod</span> 
     </span>
     <span class='ocr_line' id='line_1_14' title="bbox 146 410 1799 445; baseline -0.001 -7"><span class='ocrx_word' id='word_1_58' title='bbox 146 412 180 438; x_wconf 89' lang='lat' dir='ltr'>ad</span> <span class='ocrx_word' id='word_1_59' title='bbox 212 421 258 438; x_wconf 85' lang='lat' dir='ltr'>eos</span> <span class='ocrx_word' id='word_1_60' title='bbox 284 421 339 438; x_wconf 89' lang='lat' dir='ltr'>non</span> <span class='ocrx_word' id='word_1_61' title='bbox 365 411 558 445; x_wconf 82' lang='lat' dir='ltr'>pervenisset</span> <span class='ocrx_word' id='word_1_62' title='bbox 587 411 629 437; x_wconf 87' lang='lat' dir='ltr'>vel</span> <span class='ocrx_word' id='word_1_63' title='bbox 658 411 731 443; x_wconf 82' lang='lat' dir='ltr'>quod</span> <span class='ocrx_word' id='word_1_64' title='bbox 764 410 960 444; x_wconf 79' lang='lat' dir='ltr'>ignorassent</span> <span class='ocrx_word' id='word_1_65' title='bbox 988 411 1117 439; x_wconf 81' lang='lat' dir='ltr'>eundem,</span> <span class='ocrx_word' id='word_1_66' title='bbox 1147 419 1208 437; x_wconf 89' lang='lat' dir='ltr'>cum</span> <span class='ocrx_word' id='word_1_67' title='bbox 1236 420 1289 437; x_wconf 88' lang='lat' dir='ltr'>non</span> <span class='ocrx_word' id='word_1_68' title='bbox 1315 413 1402 438; x_wconf 84' lang='lat' dir='ltr'>esset</span> <span class='ocrx_word' id='word_1_69' title='bbox 1431 411 1581 438; x_wconf 87' lang='lat' dir='ltr'>verisimile</span> <span class='ocrx_word' id='word_1_70' title='bbox 1608 411 1699 444; x_wconf 85' lang='lat' dir='ltr'>quoad</span> <span class='ocrx_word' id='word_1_71' title='bbox 1724 411 1799 445; x_wconf 86' lang='lat' dir='ltr'>ipsos</span> 
     </span>
     <span class='ocr_line' id='line_1_15' title="bbox 148 460 1799 498; baseline -0.001 -8"><span class='ocrx_word' id='word_1_72' title='bbox 148 473 294 490; x_wconf 83' lang='lat' dir='ltr'>remanere</span> <span class='ocrx_word' id='word_1_73' title='bbox 318 464 494 497; x_wconf 84' lang='lat' dir='ltr'>incognitum</span> <span class='ocrx_word' id='word_1_74' title='bbox 512 464 554 489; x_wconf 80' lang='lat' dir='ltr'>vel</span> <span class='ocrx_word' id='word_1_75' title='bbox 579 463 728 494; x_wconf 84' lang='lat' dir='ltr'>occultum,</span> <span class='ocrx_word' id='word_1_76' title='bbox 753 463 827 496; x_wconf 89' lang='lat' dir='ltr'>quod</span> <span class='ocrx_word' id='word_1_77' title='bbox 852 465 910 489; x_wconf 78' lang='lat' dir='ltr'>tam</span> <span class='ocrx_word' id='word_1_78' title='bbox 927 465 1059 497; x_wconf 86' lang='lat' dir='ltr'>patenter</span> <span class='ocrx_word' id='word_1_79' title='bbox 1080 463 1209 489; x_wconf 87' lang='lat' dir='ltr'>omnibus</span> <span class='ocrx_word' id='word_1_80' title='bbox 1234 460 1388 490; x_wconf 77' lang='lat' dir='ltr'>existeret</span> <span class='ocrx_word' id='word_1_81' title='bbox 1412 463 1609 498; x_wconf 85' lang='lat' dir='ltr'>publicatum.</span> <span class='ocrx_word' id='word_1_82' title='bbox 1643 463 1799 490; x_wconf 89' lang='lat' dir='ltr'>Voluimus</span> 
     </span>
     <span class='ocr_line' id='line_1_16' title="bbox 149 512 1800 546; baseline -0.001 -6"><span class='ocrx_word' id='word_1_83' title='bbox 149 516 241 541; x_wconf 82' lang='lat' dir='ltr'>autem</span> <span class='ocrx_word' id='word_1_84' title='bbox 261 516 289 540; x_wconf 87' lang='lat' dir='ltr'>et</span> <span class='ocrx_word' id='word_1_85' title='bbox 309 513 479 539; x_wconf 80' lang='lat' dir='ltr'>auctoritate</span> <span class='ocrx_word' id='word_1_86' title='bbox 499 512 655 546; x_wconf 83' lang='lat' dir='ltr'>apostolica</span> <span class='ocrx_word' id='word_1_87' title='bbox 674 513 873 542; x_wconf 74' lang='lat' dir='ltr'>decrevimus,</span> <span class='ocrx_word' id='word_1_88' title='bbox 898 513 971 546; x_wconf 87' lang='lat' dir='ltr'>quod</span> <span class='ocrx_word' id='word_1_89' title='bbox 991 521 1132 546; x_wconf 82' lang='lat' dir='ltr'>processus</span> <span class='ocrx_word' id='word_1_90' title='bbox 1152 513 1211 546; x_wconf 88' lang='lat' dir='ltr'>ipse</span> <span class='ocrx_word' id='word_1_91' title='bbox 1231 514 1370 546; x_wconf 79' lang='lat' dir='ltr'>prefatum</span> <span class='ocrx_word' id='word_1_92' title='bbox 1391 514 1559 540; x_wconf 78' lang='lat' dir='ltr'>Ludovicum</span> <span class='ocrx_word' id='word_1_93' title='bbox 1581 516 1607 540; x_wconf 86' lang='lat' dir='ltr'>et</span> <span class='ocrx_word' id='word_1_94' title='bbox 1629 513 1706 543; x_wconf 82' lang='lat' dir='ltr'>alios,</span> <span class='ocrx_word' id='word_1_95' title='bbox 1731 522 1800 546; x_wconf 81' lang='lat' dir='ltr'>quos</span> 
     </span>
     <span class='ocr_line' id='line_1_17' title="bbox 151 564 1801 599; baseline -0.001 -8"><span class='ocrx_word' id='word_1_96' title='bbox 151 568 269 599; x_wconf 83' lang='lat' dir='ltr'>tangere</span> <span class='ocrx_word' id='word_1_97' title='bbox 308 564 538 594; x_wconf 68' lang='lat' dir='ltr'>noscebatur,</span> <span class='ocrx_word' id='word_1_98' title='bbox 577 564 819 597; x_wconf 84' lang='lat' dir='ltr'>apprehenderet</span> <span class='ocrx_word' id='word_1_99' title='bbox 852 565 881 590; x_wconf 86' lang='lat' dir='ltr'>et</span> <span class='ocrx_word' id='word_1_100' title='bbox 917 566 1068 595; x_wconf 72' lang='lat' dir='ltr'>arctaret,</span> <span class='ocrx_word' id='word_1_101' title='bbox 1104 564 1161 590; x_wconf 85' lang='lat' dir='ltr'>acsi</span> <span class='ocrx_word' id='word_1_102' title='bbox 1198 564 1301 591; x_wconf 87' lang='lat' dir='ltr'>eisdem</span> <span class='ocrx_word' id='word_1_103' title='bbox 1336 565 1519 598; x_wconf 78' lang='lat' dir='ltr'>personaliter</span> <span class='ocrx_word' id='word_1_104' title='bbox 1555 566 1582 591; x_wconf 89' lang='lat' dir='ltr'>et</span> <span class='ocrx_word' id='word_1_105' title='bbox 1618 564 1801 598; x_wconf 78' lang='lat' dir='ltr'>singulariter</span> 
     </span>
     <span class='ocr_line' id='line_1_18' title="bbox 145 615 1800 651; baseline 0 -10"><span class='ocrx_word' id='word_1_106' title='bbox 145 617 307 651; x_wconf 86' lang='lat' dir='ltr'>publicatus</span> <span class='ocrx_word' id='word_1_107' title='bbox 338 618 366 643; x_wconf 85' lang='lat' dir='ltr'>et</span> <span class='ocrx_word' id='word_1_108' title='bbox 398 615 545 642; x_wconf 84' lang='lat' dir='ltr'>intimatus</span> <span class='ocrx_word' id='word_1_109' title='bbox 576 615 728 641; x_wconf 79' lang='lat' dir='ltr'>solenniter</span> <span class='ocrx_word' id='word_1_110' title='bbox 758 615 910 645; x_wconf 77' lang='lat' dir='ltr'>extitisset,</span> <span class='ocrx_word' id='word_1_111' title='bbox 948 615 1147 642; x_wconf 82' lang='lat' dir='ltr'>constitutione</span> <span class='ocrx_word' id='word_1_112' title='bbox 1178 624 1343 649; x_wconf 82' lang='lat' dir='ltr'>quacunque</span> <span class='ocrx_word' id='word_1_113' title='bbox 1379 624 1427 650; x_wconf 83' lang='lat' dir='ltr'>per</span> <span class='ocrx_word' id='word_1_114' title='bbox 1457 616 1662 649; x_wconf 79' lang='lat' dir='ltr'>predecessores</span> <span class='ocrx_word' id='word_1_115' title='bbox 1694 618 1800 642; x_wconf 80' lang='lat' dir='ltr'>nostros</span> 
     </span>
     <span class='ocr_line' id='line_1_19' title="bbox 141 665 1057 700; baseline -0.002 -6"><span class='ocrx_word' id='word_1_116' title='bbox 141 668 305 700; x_wconf 82' lang='lat' dir='ltr'>R0(manos)</span> <span class='ocrx_word' id='word_1_117' title='bbox 328 666 493 700; x_wconf 87' lang='lat' dir='ltr'>pon(tifices)</span> <span class='ocrx_word' id='word_1_118' title='bbox 513 666 540 692; x_wconf 85' lang='lat' dir='ltr'>in</span> <span class='ocrx_word' id='word_1_119' title='bbox 562 665 730 692; x_wconf 83' lang='lat' dir='ltr'>contrarium</span> <span class='ocrx_word' id='word_1_120' title='bbox 750 666 827 692; x_wconf 85' lang='lat' dir='ltr'>edita</span> <span class='ocrx_word' id='word_1_121' title='bbox 846 675 900 692; x_wconf 86' lang='lat' dir='ltr'>non</span> <span class='ocrx_word' id='word_1_122' title='bbox 919 667 1057 692; x_wconf 80' lang='lat' dir='ltr'>obstante.</span> 
     </span>
    </p>

    <p class='ocr_par' dir='ltr' id='par_1_12' title="bbox 142 718 1801 1480">
     <span class='ocr_line' id='line_1_20' title="bbox 259 718 1796 759; baseline -0.001 -9"><span class='ocrx_word' id='word_1_123' title='bbox 259 722 304 750; x_wconf 79' lang='lat'>12.</span> <span class='ocrx_word' id='word_1_124' title='bbox 339 719 380 750; x_wconf 87' lang='lat' dir='ltr'>Et</span> <span class='ocrx_word' id='word_1_125' title='bbox 404 719 479 759; x_wconf 80' lang='lat' dir='ltr'>quia</span> <span class='ocrx_word' id='word_1_126' title='bbox 502 721 698 748; x_wconf 84' lang='lat' dir='ltr'>memoratus</span> <span class='ocrx_word' id='word_1_127' title='bbox 722 718 905 748; x_wconf 80' lang='lat' dir='ltr'>Ludovicus</span> <span class='ocrx_word' id='word_1_128' title='bbox 933 729 991 748; x_wconf 84' lang='lat' dir='ltr'>nec</span> <span class='ocrx_word' id='word_1_129' title='bbox 1016 719 1111 748; x_wconf 87' lang='lat' dir='ltr'>tantis</span> <span class='ocrx_word' id='word_1_130' title='bbox 1140 728 1198 749; x_wconf 88' lang='lat' dir='ltr'>nec</span> <span class='ocrx_word' id='word_1_131' title='bbox 1227 718 1343 748; x_wconf 87' lang='lat' dir='ltr'>talibus</span> <span class='ocrx_word' id='word_1_132' title='bbox 1372 719 1522 749; x_wconf 78' lang='lat' dir='ltr'>remediis</span> <span class='ocrx_word' id='word_1_133' title='bbox 1550 719 1756 759; x_wconf 75' lang='lat' dir='ltr'>acquiescens</span> <span class='ocrx_word' id='word_1_134' title='bbox 1781 729 1796 749; x_wconf 79' lang='lat' dir='ltr'>a</span> 
     </span>
     <span class='ocr_line' id='line_1_21' title="bbox 145 768 1799 812; baseline -0.001 -10"><span class='ocrx_word' id='word_1_135' title='bbox 145 771 306 812; x_wconf 58' lang='lat' dir='ltr'>predictis</span> <span class='ocrx_word' id='word_1_136' title='bbox 325 770 475 801; x_wconf 81' lang='lat' dir='ltr'>videlicet</span> <span class='ocrx_word' id='word_1_137' title='bbox 491 780 549 800; x_wconf 85' lang='lat' dir='ltr'>usu</span> <span class='ocrx_word' id='word_1_138' title='bbox 566 769 683 809; x_wconf 72' lang='lat' dir='ltr'>regalis</span> <span class='ocrx_word' id='word_1_139' title='bbox 701 770 792 800; x_wconf 89' lang='lat' dir='ltr'>tituli.</span> <span class='ocrx_word' id='word_1_140' title='bbox 811 768 1094 800; x_wconf 79' lang='lat' dir='ltr'>administrationis</span> <span class='ocrx_word' id='word_1_141' title='bbox 1111 770 1310 800; x_wconf 84' lang='lat' dir='ltr'>immixtione</span> <span class='ocrx_word' id='word_1_142' title='bbox 1328 770 1417 810; x_wconf 80' lang='lat' dir='ltr'>regni</span> <span class='ocrx_word' id='word_1_143' title='bbox 1431 770 1596 810; x_wconf 63' lang='lat' dir='ltr'>Romanffi)</span> <span class='ocrx_word' id='word_1_144' title='bbox 1615 774 1647 800; x_wconf 89' lang='lat' dir='ltr'>et</span> <span class='ocrx_word' id='word_1_145' title='bbox 1663 769 1799 810; x_wconf 69' lang='lat' dir='ltr'>imperii,</span> 
     </span>
     <span class='ocr_line' id='line_1_22' title="bbox 146 820 1798 861; baseline -0.003 -8"><span class='ocrx_word' id='word_1_146' title='bbox 146 823 283 854; x_wconf 87' lang='lat' dir='ltr'>fautoria</span> <span class='ocrx_word' id='word_1_147' title='bbox 306 823 519 853; x_wconf 78' lang='lat' dir='ltr'>hereticorum</span> <span class='ocrx_word' id='word_1_148' title='bbox 542 821 581 852; x_wconf 89' lang='lat' dir='ltr'>(le</span> <span class='ocrx_word' id='word_1_149' title='bbox 598 821 794 857; x_wconf 74' lang='lat' dir='ltr'>Mediolano,</span> <span class='ocrx_word' id='word_1_150' title='bbox 813 820 971 861; x_wconf 68' lang='lat' dir='ltr'>Raynaldi</span> <span class='ocrx_word' id='word_1_151' title='bbox 997 825 1028 851; x_wconf 84' lang='lat' dir='ltr'>et</span> <span class='ocrx_word' id='word_1_152' title='bbox 1046 822 1197 861; x_wconf 74' lang='lat' dir='ltr'>Opizonis</span> <span class='ocrx_word' id='word_1_153' title='bbox 1215 820 1334 851; x_wconf 87' lang='lat' dir='ltr'>dudum</span> <span class='ocrx_word' id='word_1_154' title='bbox 1354 821 1572 852; x_wconf 79' lang='lat' dir='ltr'>marchionum</span> <span class='ocrx_word' id='word_1_155' title='bbox 1590 821 1798 860; x_wconf 63' lang='lat' dir='ltr'>Esten(siun1{·</span> 
     </span>
     <span class='ocr_line' id='line_1_23' title="bbox 146 872 1798 916; baseline -0.002 -11"><span class='ocrx_word' id='word_1_156' title='bbox 146 874 361 916; x_wconf 87' lang='lat' dir='ltr'>predictorum</span> <span class='ocrx_word' id='word_1_157' title='bbox 387 884 509 904; x_wconf 83' lang='lat' dir='ltr'>necnon</span> <span class='ocrx_word' id='word_1_158' title='bbox 535 878 566 903; x_wconf 85' lang='lat' dir='ltr'>et</span> <span class='ocrx_word' id='word_1_159' title='bbox 590 872 725 903; x_wconf 87' lang='lat' dir='ltr'>aliorum</span> <span class='ocrx_word' id='word_1_160' title='bbox 750 872 918 903; x_wconf 82' lang='lat' dir='ltr'>rebellium</span> <span class='ocrx_word' id='word_1_161' title='bbox 942 876 1050 902; x_wconf 81' lang='lat' dir='ltr'>sancte</span> <span class='ocrx_word' id='word_1_162' title='bbox 1075 873 1186 902; x_wconf 81' lang='lat' dir='ltr'>matris</span> <span class='ocrx_word' id='word_1_163' title='bbox 1211 872 1346 902; x_wconf 81' lang='lat' dir='ltr'>ecclesie</span> <span class='ocrx_word' id='word_1_164' title='bbox 1371 872 1471 902; x_wconf 90' lang='lat' dir='ltr'>noluit</span> <span class='ocrx_word' id='word_1_165' title='bbox 1495 872 1665 907; x_wconf 78' lang='lat' dir='ltr'>abstinere,</span> <span class='ocrx_word' id='word_1_166' title='bbox 1690 876 1738 903; x_wconf 87' lang='lat' dir='ltr'>set</span> <span class='ocrx_word' id='word_1_167' title='bbox 1762 882 1798 902; x_wconf 83' lang='lat' dir='ltr'>eu</span> 
     </span>
     <span class='ocr_line' id='line_1_24' title="bbox 145 923 1797 965; baseline -0.002 -9"><span class='ocrx_word' id='word_1_168' title='bbox 145 925 358 956; x_wconf 83' lang='lat' dir='ltr'>contumatius</span> <span class='ocrx_word' id='word_1_169' title='bbox 386 935 584 965; x_wconf 81' lang='lat' dir='ltr'>prosequens</span> <span class='ocrx_word' id='word_1_170' title='bbox 613 928 645 954; x_wconf 84' lang='lat' dir='ltr'>et</span> <span class='ocrx_word' id='word_1_171' title='bbox 676 924 714 954; x_wconf 88' lang='lat' dir='ltr'>de</span> <span class='ocrx_word' id='word_1_172' title='bbox 744 924 790 954; x_wconf 88' lang='lat' dir='ltr'>sui</span> <span class='ocrx_word' id='word_1_173' title='bbox 820 924 961 964; x_wconf 79' lang='lat' dir='ltr'>perversi</span> <span class='ocrx_word' id='word_1_174' title='bbox 991 923 1203 953; x_wconf 76' lang='lat' dir='ltr'>obstinatione</span> <span class='ocrx_word' id='word_1_175' title='bbox 1233 923 1387 963; x_wconf 79' lang='lat' dir='ltr'>propositi</span> <span class='ocrx_word' id='word_1_176' title='bbox 1415 924 1554 963; x_wconf 82' lang='lat' dir='ltr'>glorians</span> <span class='ocrx_word' id='word_1_177' title='bbox 1582 923 1797 954; x_wconf 69' lang='lat' dir='ltr'>manifestiora</span> 
     </span>
     <span class='ocr_line' id='line_1_25' title="bbox 144 975 1796 1017; baseline -0.002 -10"><span class='ocrx_word' id='word_1_178' title='bbox 144 978 227 1007; x_wconf 86' lang='lat' dir='ltr'>eirca</span> <span class='ocrx_word' id='word_1_179' title='bbox 258 976 413 1017; x_wconf 85' lang='lat' dir='ltr'>premissa</span> <span class='ocrx_word' id='word_1_180' title='bbox 448 975 602 1006; x_wconf 84' lang='lat' dir='ltr'>exhibere</span> <span class='ocrx_word' id='word_1_181' title='bbox 636 986 695 1005; x_wconf 88' lang='lat' dir='ltr'>non</span> <span class='ocrx_word' id='word_1_182' title='bbox 732 975 858 1005; x_wconf 87' lang='lat' dir='ltr'>erubuit</span> <span class='ocrx_word' id='word_1_183' title='bbox 892 976 985 1004; x_wconf 84' lang='lat' dir='ltr'>solito</span> <span class='ocrx_word' id='word_1_184' title='bbox 1016 978 1221 1013; x_wconf 68' lang='lat' dir='ltr'>argumenta,</span> <span class='ocrx_word' id='word_1_185' title='bbox 1252 975 1332 1004; x_wconf 83' lang='lat' dir='ltr'>sicut</span> <span class='ocrx_word' id='word_1_186' title='bbox 1366 975 1552 1004; x_wconf 72' lang='lat' dir='ltr'>convocatio</span> <span class='ocrx_word' id='word_1_187' title='bbox 1583 975 1796 1015; x_wconf 88' lang='lat' dir='ltr'>predictorum</span> 
     </span>
     <span class='ocr_line' id='line_1_26' title="bbox 144 1025 1798 1059; baseline -0.002 0"><span class='ocrx_word' id='word_1_188' title='bbox 144 1028 360 1059; x_wconf 79' lang='lat' dir='ltr'>hereticorum</span> <span class='ocrx_word' id='word_1_189' title='bbox 385 1027 424 1057; x_wconf 91' lang='lat' dir='ltr'>de.</span> <span class='ocrx_word' id='word_1_190' title='bbox 448 1026 633 1057; x_wconf 81' lang='lat' dir='ltr'>Mediolano</span> <span class='ocrx_word' id='word_1_191' title='bbox 659 1030 690 1057; x_wconf 88' lang='lat' dir='ltr'>et</span> <span class='ocrx_word' id='word_1_192' title='bbox 715 1026 755 1056; x_wconf 88' lang='lat' dir='ltr'>de</span> <span class='ocrx_word' id='word_1_193' title='bbox 780 1026 929 1057; x_wconf 73' lang='lat' dir='ltr'>Ferraria</span> <span class='ocrx_word' id='word_1_194' title='bbox 953 1031 984 1055; x_wconf 81' lang='lat' dir='ltr'>et</span> <span class='ocrx_word' id='word_1_195' title='bbox 1009 1026 1232 1056; x_wconf 85' lang='lat' dir='ltr'>universaliter</span> <span class='ocrx_word' id='word_1_196' title='bbox 1256 1025 1394 1055; x_wconf 89' lang='lat' dir='ltr'>omnium</span> <span class='ocrx_word' id='word_1_197' title='bbox 1421 1025 1585 1055; x_wconf 83' lang='lat' dir='ltr'>rebellium</span> <span class='ocrx_word' id='word_1_198' title='bbox 1611 1025 1745 1056; x_wconf 77' lang='lat' dir='ltr'>ecclesie</span> <span class='ocrx_word' id='word_1_199' title='bbox 1770 1026 1798 1055; x_wconf 93' lang='lat' dir='ltr'>in</span> 
     </span>
     <span class='ocr_line' id='line_1_27' title="bbox 145 1076 1798 1120; baseline -0.002 -10"><span class='ocrx_word' id='word_1_200' title='bbox 145 1079 289 1120; x_wconf 81' lang='lat' dir='ltr'>partibus</span> <span class='ocrx_word' id='word_1_201' title='bbox 314 1078 406 1109; x_wconf 83' lang='lat' dir='ltr'>Italic</span> <span class='ocrx_word' id='word_1_202' title='bbox 435 1089 493 1118; x_wconf 86' lang='lat' dir='ltr'>per</span> <span class='ocrx_word' id='word_1_203' title='bbox 517 1079 619 1118; x_wconf 82' lang='lat' dir='ltr'>ipsum</span> <span class='ocrx_word' id='word_1_204' title='bbox 649 1079 735 1108; x_wconf 83' lang='lat' dir='ltr'>facta</span> <span class='ocrx_word' id='word_1_205' title='bbox 759 1078 929 1108; x_wconf 85' lang='lat' dir='ltr'>novissime</span> <span class='ocrx_word' id='word_1_206' title='bbox 959 1078 987 1107; x_wconf 91' lang='lat' dir='ltr'>in</span> <span class='ocrx_word' id='word_1_207' title='bbox 1013 1077 1166 1107; x_wconf 82' lang='lat' dir='ltr'>Tridento</span> <span class='ocrx_word' id='word_1_208' title='bbox 1192 1080 1409 1117; x_wconf 74' lang='lat' dir='ltr'>tractatusque</span> <span class='ocrx_word' id='word_1_209' title='bbox 1438 1076 1554 1106; x_wconf 88' lang='lat' dir='ltr'>diutius</span> <span class='ocrx_word' id='word_1_210' title='bbox 1579 1077 1705 1107; x_wconf 84' lang='lat' dir='ltr'>habitus</span> <span class='ocrx_word' id='word_1_211' title='bbox 1728 1087 1798 1107; x_wconf 89' lang='lat' dir='ltr'>cum</span> 
     </span>
     <span class='ocr_line' id='line_1_28' title="bbox 144 1128 1799 1172; baseline -0.002 -11"><span class='ocrx_word' id='word_1_212' title='bbox 144 1131 277 1165; x_wconf 71' lang='lat' dir='ltr'>eisdem,</span> <span class='ocrx_word' id='word_1_213' title='bbox 295 1130 456 1172; x_wconf 88' lang='lat' dir='ltr'>quomodo</span> <span class='ocrx_word' id='word_1_214' title='bbox 476 1133 584 1170; x_wconf 86' lang='lat' dir='ltr'>posset</span> <span class='ocrx_word' id='word_1_215' title='bbox 599 1129 826 1160; x_wconf 65' lang='lat' dir='ltr'>Iajimhardiam</span> <span class='ocrx_word' id='word_1_216' title='bbox 846 1129 966 1169; x_wconf 76' lang='lat' dir='ltr'>ingredi</span> <span class='ocrx_word' id='word_1_217' title='bbox 987 1130 1014 1158; x_wconf 94' lang='lat' dir='ltr'>in</span> <span class='ocrx_word' id='word_1_218' title='bbox 1034 1129 1189 1158; x_wconf 83' lang='lat' dir='ltr'>dictorum</span> <span class='ocrx_word' id='word_1_219' title='bbox 1208 1128 1421 1158; x_wconf 77' lang='lat' dir='ltr'>hereticorum</span> <span class='ocrx_word' id='word_1_220' title='bbox 1440 1131 1471 1157; x_wconf 89' lang='lat' dir='ltr'>et</span> <span class='ocrx_word' id='word_1_221' title='bbox 1484 1128 1618 1158; x_wconf 87' lang='lat' dir='ltr'>aliorum</span> <span class='ocrx_word' id='word_1_222' title='bbox 1632 1128 1799 1158; x_wconf 71' lang='lat' dir='ltr'>rebellium</span> 
     </span>
     <span class='ocr_line' id='line_1_29' title="bbox 144 1179 1799 1223; baseline -0.002 -10"><span class='ocrx_word' id='word_1_223' title='bbox 144 1182 278 1213; x_wconf 74' lang='lat' dir='ltr'>ecclesie</span> <span class='ocrx_word' id='word_1_224' title='bbox 308 1181 480 1223; x_wconf 73' lang='lat' dir='ltr'>presidium</span> <span class='ocrx_word' id='word_1_225' title='bbox 512 1186 542 1211; x_wconf 86' lang='lat' dir='ltr'>et</span> <span class='ocrx_word' id='word_1_226' title='bbox 573 1181 704 1211; x_wconf 81' lang='lat' dir='ltr'>tutelam</span> <span class='ocrx_word' id='word_1_227' title='bbox 734 1192 770 1211; x_wconf 83' lang='lat' dir='ltr'>ac</span> <span class='ocrx_word' id='word_1_228' title='bbox 800 1184 834 1211; x_wconf 86' lang='lat' dir='ltr'>ut</span> <span class='ocrx_word' id='word_1_229' title='bbox 863 1181 950 1219; x_wconf 71' lang='lat' dir='ltr'>regni</span> <span class='ocrx_word' id='word_1_230' title='bbox 977 1184 1008 1210; x_wconf 89' lang='lat' dir='ltr'>et</span> <span class='ocrx_word' id='word_1_231' title='bbox 1032 1180 1156 1220; x_wconf 85' lang='lat' dir='ltr'>imperii</span> <span class='ocrx_word' id='word_1_232' title='bbox 1183 1179 1491 1210; x_wconf 75' lang='lat' dir='ltr'>administmtionem</span> <span class='ocrx_word' id='word_1_233' title='bbox 1516 1182 1624 1219; x_wconf 87' lang='lat' dir='ltr'>posset</span> <span class='ocrx_word' id='word_1_234' title='bbox 1648 1189 1799 1209; x_wconf 84' lang='lat' dir='ltr'>exercere</span> 
     </span>
     <span class='ocr_line' id='line_1_30' title="bbox 147 1230 1799 1275; baseline -0.002 -11"><span class='ocrx_word' id='word_1_235' title='bbox 147 1234 272 1275; x_wconf 76' lang='lat' dir='ltr'>plenius</span> <span class='ocrx_word' id='word_1_236' title='bbox 289 1237 321 1264; x_wconf 81' lang='lat' dir='ltr'>et</span> <span class='ocrx_word' id='word_1_237' title='bbox 338 1233 471 1264; x_wconf 84' lang='lat' dir='ltr'>devotos</span> <span class='ocrx_word' id='word_1_238' title='bbox 489 1236 597 1263; x_wconf 81' lang='lat' dir='ltr'>sancte</span> <span class='ocrx_word' id='word_1_239' title='bbox 616 1233 750 1263; x_wconf 81' lang='lat' dir='ltr'>ecclesie</span> <span class='ocrx_word' id='word_1_240' title='bbox 768 1243 971 1273; x_wconf 74' lang='lat' dir='ltr'>pregravare.</span> <span class='ocrx_word' id='word_1_241' title='bbox 991 1233 1086 1262; x_wconf 87' lang='lat' dir='ltr'>immo</span> <span class='ocrx_word' id='word_1_242' title='bbox 1105 1232 1320 1261; x_wconf 83' lang='lat' dir='ltr'>exterminare</span> <span class='ocrx_word' id='word_1_243' title='bbox 1339 1231 1479 1268; x_wconf 62' lang='lat' dir='ltr'>liberius7</span> <span class='ocrx_word' id='word_1_244' title='bbox 1505 1231 1682 1260; x_wconf 74' lang='lat' dir='ltr'>evidentius</span> <span class='ocrx_word' id='word_1_245' title='bbox 1699 1230 1799 1260; x_wconf 85' lang='lat' dir='ltr'>mani-</span> 
     </span>
     <span class='ocr_line' id='line_1_31' title="bbox 144 1282 1801 1325; baseline -0.003 -9"><span class='ocrx_word' id='word_1_246' title='bbox 144 1286 264 1316; x_wconf 83' lang='lat' dir='ltr'>festant</span> <span class='ocrx_word' id='word_1_247' title='bbox 288 1295 408 1315; x_wconf 81' lang='lat' dir='ltr'>necnon</span> <span class='ocrx_word' id='word_1_248' title='bbox 436 1289 467 1315; x_wconf 83' lang='lat' dir='ltr'>et</span> <span class='ocrx_word' id='word_1_249' title='bbox 492 1284 577 1325; x_wconf 85' lang='lat' dir='ltr'>quod</span> <span class='ocrx_word' id='word_1_250' title='bbox 602 1283 714 1314; x_wconf 85' lang='lat' dir='ltr'>divinis</span> <span class='ocrx_word' id='word_1_251' title='bbox 739 1284 846 1314; x_wconf 81' lang='lat' dir='ltr'>offitiis</span> <span class='ocrx_word' id='word_1_252' title='bbox 870 1283 1038 1313; x_wconf 82' lang='lat' dir='ltr'>audiendis</span> <span class='ocrx_word' id='word_1_253' title='bbox 1061 1294 1121 1313; x_wconf 89' lang='lat' dir='ltr'>uon</span> <span class='ocrx_word' id='word_1_254' title='bbox 1139 1282 1262 1323; x_wconf 87' lang='lat' dir='ltr'>absque</span> <span class='ocrx_word' id='word_1_255' title='bbox 1280 1286 1465 1322; x_wconf 85' lang='lat' dir='ltr'>contemptu</span> <span class='ocrx_word' id='word_1_256' title='bbox 1482 1282 1616 1312; x_wconf 72' lang='lat' dir='ltr'>clarium</span> <span class='ocrx_word' id='word_1_257' title='bbox 1634 1293 1667 1312; x_wconf 85' lang='lat' dir='ltr'>se</span> <span class='ocrx_word' id='word_1_258' title='bbox 1686 1282 1801 1321; x_wconf 71' lang='lat' dir='ltr'>ingerit</span> 
     </span>
     <span class='ocr_line' id='line_1_32' title="bbox 144 1333 1799 1376; baseline -0.004 -9"><span class='ocrx_word' id='word_1_259' title='bbox 144 1340 176 1367; x_wconf 88' lang='lat' dir='ltr'>et</span> <span class='ocrx_word' id='word_1_260' title='bbox 200 1337 229 1367; x_wconf 92' lang='lat' dir='ltr'>in</span> <span class='ocrx_word' id='word_1_261' title='bbox 255 1337 332 1367; x_wconf 84' lang='lat' dir='ltr'>locis</span> <span class='ocrx_word' id='word_1_262' title='bbox 357 1336 574 1367; x_wconf 83' lang='lat' dir='ltr'>ecclesiastico</span> <span class='ocrx_word' id='word_1_263' title='bbox 593 1336 761 1366; x_wconf 85' lang='lat' dir='ltr'>interdicto</span> <span class='ocrx_word' id='word_1_264' title='bbox 779 1335 952 1376; x_wconf 79' lang='lat' dir='ltr'>suppositis</span> <span class='ocrx_word' id='word_1_265' title='bbox 969 1336 1012 1365; x_wconf 82' lang='lat' dir='ltr'>sic</span> <span class='ocrx_word' id='word_1_266' title='bbox 1029 1335 1145 1373; x_wconf 72' lang='lat' dir='ltr'>ligatus</span> <span class='ocrx_word' id='word_1_267' title='bbox 1162 1334 1306 1374; x_wconf 85' lang='lat' dir='ltr'>aliosque</span> <span class='ocrx_word' id='word_1_268' title='bbox 1323 1334 1364 1363; x_wconf 84' lang='lat' dir='ltr'>ad</span> <span class='ocrx_word' id='word_1_269' title='bbox 1381 1345 1442 1363; x_wconf 88' lang='lat' dir='ltr'>nou</span> <span class='ocrx_word' id='word_1_270' title='bbox 1460 1333 1651 1363; x_wconf 82' lang='lat' dir='ltr'>servandum</span> <span class='ocrx_word' id='word_1_271' title='bbox 1670 1334 1799 1363; x_wconf 83' lang='lat' dir='ltr'>ecclesi-</span> 
     </span>
     <span class='ocr_line' id='line_1_33' title="bbox 142 1385 1799 1427; baseline -0.002 -9"><span class='ocrx_word' id='word_1_272' title='bbox 142 1389 278 1419; x_wconf 80' lang='lat' dir='ltr'>asticum</span> <span class='ocrx_word' id='word_1_273' title='bbox 297 1388 499 1418; x_wconf 86' lang='lat' dir='ltr'>interdictum</span> <span class='ocrx_word' id='word_1_274' title='bbox 515 1387 601 1417; x_wconf 88' lang='lat' dir='ltr'>velut</span> <span class='ocrx_word' id='word_1_275' title='bbox 619 1388 647 1417; x_wconf 90' lang='lat' dir='ltr'>in</span> <span class='ocrx_word' id='word_1_276' title='bbox 667 1387 857 1427; x_wconf 80' lang='lat' dir='ltr'>profundum</span> <span class='ocrx_word' id='word_1_277' title='bbox 873 1387 1029 1417; x_wconf 85' lang='lat' dir='ltr'>malorum</span> <span class='ocrx_word' id='word_1_278' title='bbox 1050 1386 1222 1426; x_wconf 86' lang='lat' dir='ltr'>perductus</span> <span class='ocrx_word' id='word_1_279' title='bbox 1239 1385 1388 1415; x_wconf 84' lang='lat' dir='ltr'>inducere</span> <span class='ocrx_word' id='word_1_280' title='bbox 1406 1396 1442 1415; x_wconf 83' lang='lat' dir='ltr'>ae</span> <span class='ocrx_word' id='word_1_281' title='bbox 1460 1395 1695 1425; x_wconf 84' lang='lat' dir='ltr'>nonnumquam</span> <span class='ocrx_word' id='word_1_282' title='bbox 1714 1395 1799 1415; x_wconf 87' lang='lat' dir='ltr'>com—</span> 
     </span>
     <span class='ocr_line' id='line_1_34' title="bbox 143 1438 1798 1480; baseline -0.003 -10"><span class='ocrx_word' id='word_1_283' title='bbox 143 1439 265 1480; x_wconf 80' lang='lat' dir='ltr'>pellere</span> <span class='ocrx_word' id='word_1_284' title='bbox 290 1451 351 1470; x_wconf 91' lang='lat' dir='ltr'>non</span> <span class='ocrx_word' id='word_1_285' title='bbox 376 1444 513 1472; x_wconf 80' lang='lat' dir='ltr'>veretur,</span> <span class='ocrx_word' id='word_1_286' title='bbox 540 1439 656 1469; x_wconf 82' lang='lat' dir='ltr'>cotidie</span> <span class='ocrx_word' id='word_1_287' title='bbox 683 1439 878 1479; x_wconf 81' lang='lat' dir='ltr'>peramplius</span> <span class='ocrx_word' id='word_1_288' title='bbox 902 1439 931 1468; x_wconf 90' lang='lat' dir='ltr'>in</span> <span class='ocrx_word' id='word_1_289' title='bbox 957 1438 1194 1468; x_wconf 75' lang='lat' dir='ltr'>continuatione</span> <span class='ocrx_word' id='word_1_290' title='bbox 1219 1448 1275 1467; x_wconf 86' lang='lat' dir='ltr'>seu</span> <span class='ocrx_word' id='word_1_291' title='bbox 1300 1438 1495 1467; x_wconf 78' lang='lat' dir='ltr'>contumatia</span> <span class='ocrx_word' id='word_1_292' title='bbox 1513 1438 1734 1467; x_wconf 75' lang='lat' dir='ltr'>intumescens,</span> <span class='ocrx_word' id='word_1_293' title='bbox 1760 1446 1798 1465; x_wconf 89' lang='lat' dir='ltr'>ne</span> 
     </span>
    </p>
   </div>
   <div class='ocr_carea' id='block_1_12' title="bbox 142 1487 1799 1583">
    <p class='ocr_par' dir='ltr' id='par_1_13' title="bbox 142 1487 1799 1583">
     <span class='ocr_line' id='line_1_35' title="bbox 146 1487 1798 1532; baseline -0.003 -11"><span class='ocrx_word' id='word_1_294' title='bbox 146 1491 243 1532; x_wconf 77' lang='lat' dir='ltr'>igitur</span> <span class='ocrx_word' id='word_1_295' title='bbox 266 1491 398 1521; x_wconf 85' lang='lat' dir='ltr'>ulterius</span> <span class='ocrx_word' id='word_1_296' title='bbox 422 1491 577 1531; x_wconf 79' lang='lat' dir='ltr'>glorietur</span> <span class='ocrx_word' id='word_1_297' title='bbox 600 1491 646 1521; x_wconf 77' lang='lat' dir='ltr'>vir</span> <span class='ocrx_word' id='word_1_298' title='bbox 671 1496 734 1520; x_wconf 86' lang='lat' dir='ltr'>tam</span> <span class='ocrx_word' id='word_1_299' title='bbox 760 1490 915 1530; x_wconf 87' lang='lat' dir='ltr'>reprobus</span> <span class='ocrx_word' id='word_1_300' title='bbox 941 1500 996 1520; x_wconf 89' lang='lat' dir='ltr'>sue</span> <span class='ocrx_word' id='word_1_301' title='bbox 1014 1489 1233 1530; x_wconf 72' lang='lat' dir='ltr'>perversitatis</span> <span class='ocrx_word' id='word_1_302' title='bbox 1251 1499 1349 1529; x_wconf 81' lang='lat' dir='ltr'>opera</span> <span class='ocrx_word' id='word_1_303' title='bbox 1365 1488 1486 1529; x_wconf 82' lang='lat' dir='ltr'>absque</span> <span class='ocrx_word' id='word_1_304' title='bbox 1504 1488 1669 1528; x_wconf 76' lang='lat' dir='ltr'>condignis</span> <span class='ocrx_word' id='word_1_305' title='bbox 1686 1487 1798 1518; x_wconf 84' lang='lat' dir='ltr'>saltem</span> 
     </span>
     <span class='ocr_line' id='line_1_36' title="bbox 142 1540 1799 1583; baseline -0.004 -10"><span class='ocrx_word' id='word_1_306' title='bbox 142 1543 172 1573; x_wconf 91' lang='lat' dir='ltr'>in</span> <span class='ocrx_word' id='word_1_307' title='bbox 203 1546 327 1583; x_wconf 86' lang='lat' dir='ltr'>partem</span> <span class='ocrx_word' id='word_1_308' title='bbox 356 1543 542 1573; x_wconf 86' lang='lat' dir='ltr'>meritorum</span> <span class='ocrx_word' id='word_1_309' title='bbox 572 1542 740 1583; x_wconf 85' lang='lat' dir='ltr'>stipendiis</span> <span class='ocrx_word' id='word_1_310' title='bbox 770 1542 930 1582; x_wconf 70' lang='lat' dir='ltr'>preteriri⁷</span> <span class='ocrx_word' id='word_1_311' title='bbox 1022 1552 1077 1571; x_wconf 82' lang='lat' dir='ltr'>nos</span> <span class='ocrx_word' id='word_1_312' title='bbox 1108 1547 1238 1581; x_wconf 88' lang='lat' dir='ltr'>propter</span> <span class='ocrx_word' id='word_1_313' title='bbox 1268 1540 1411 1570; x_wconf 84' lang='lat' dir='ltr'>eiusdem</span> <span class='ocrx_word' id='word_1_314' title='bbox 1443 1540 1620 1577; x_wconf 47' lang='lat' dir='ltr'>laudovici)</span> <span class='ocrx_word' id='word_1_315' title='bbox 1650 1549 1799 1569; x_wconf 80' lang='lat' dir='ltr'>excessus</span> 
     </span>
    </p>
   </div>
   <div class='ocr_carea' id='block_1_13' title="bbox 140 1592 1800 2765">
    <p class='ocr_par' dir='ltr' id='par_1_14' title="bbox 140 1592 1800 2252">
     <span class='ocr_line' id='line_1_37' title="bbox 146 1592 1799 1634; baseline -0.002 -10"><span class='ocrx_word' id='word_1_316' title='bbox 146 1593 356 1625; x_wconf 82' lang='lat' dir='ltr'>detestabiles</span> <span class='ocrx_word' id='word_1_317' title='bbox 373 1598 405 1624; x_wconf 85' lang='lat' dir='ltr'>ct</span> <span class='ocrx_word' id='word_1_318' title='bbox 422 1594 531 1634; x_wconf 84' lang='lat' dir='ltr'>culpas</span> <span class='ocrx_word' id='word_1_319' title='bbox 548 1593 733 1629; x_wconf 62' lang='lat' dir='ltr'>horrendas,</span> <span class='ocrx_word' id='word_1_320' title='bbox 760 1594 932 1624; x_wconf 86' lang='lat' dir='ltr'>iniusticias</span> <span class='ocrx_word' id='word_1_321' title='bbox 950 1598 981 1623; x_wconf 83' lang='lat' dir='ltr'>et</span> <span class='ocrx_word' id='word_1_322' title='bbox 999 1593 1128 1623; x_wconf 87' lang='lat' dir='ltr'>iniurias</span> <span class='ocrx_word' id='word_1_323' title='bbox 1145 1595 1233 1622; x_wconf 88' lang='lat' dir='ltr'>tanto</span> <span class='ocrx_word' id='word_1_324' title='bbox 1251 1592 1452 1622; x_wconf 81' lang='lat' dir='ltr'>continuatas</span> <span class='ocrx_word' id='word_1_325' title='bbox 1469 1596 1500 1621; x_wconf 87' lang='lat' dir='ltr'>et</span> <span class='ocrx_word' id='word_1_326' title='bbox 1517 1595 1626 1622; x_wconf 85' lang='lat' dir='ltr'>auctas</span> <span class='ocrx_word' id='word_1_327' title='bbox 1645 1595 1799 1631; x_wconf 84' lang='lat' dir='ltr'>tempore.</span> 
     </span>
     <span class='ocr_line' id='line_1_38' title="bbox 144 1644 1799 1686; baseline -0.002 -11"><span class='ocrx_word' id='word_1_328' title='bbox 144 1656 215 1675; x_wconf 89' lang='lat' dir='ltr'>cum</span> <span class='ocrx_word' id='word_1_329' title='bbox 242 1645 396 1686; x_wconf 84' lang='lat' dir='ltr'>premissa</span> <span class='ocrx_word' id='word_1_330' title='bbox 426 1646 485 1675; x_wconf 87' lang='lat' dir='ltr'>sint</span> <span class='ocrx_word' id='word_1_331' title='bbox 510 1645 592 1676; x_wconf 85' lang='lat' dir='ltr'>adeo</span> <span class='ocrx_word' id='word_1_332' title='bbox 619 1646 755 1677; x_wconf 82' lang='lat' dir='ltr'>notoria.</span> <span class='ocrx_word' id='word_1_333' title='bbox 787 1645 871 1685; x_wconf 76' lang='lat' dir='ltr'>qu‹j›d</span> <span class='ocrx_word' id='word_1_334' title='bbox 897 1648 1059 1685; x_wconf 80' lang='lat' dir='ltr'>nequeant</span> <span class='ocrx_word' id='word_1_335' title='bbox 1083 1644 1192 1684; x_wconf 82' lang='lat' dir='ltr'>aliqua</span> <span class='ocrx_word' id='word_1_336' title='bbox 1217 1644 1480 1683; x_wconf 70' lang='lat' dir='ltr'>tergiversatione</span> <span class='ocrx_word' id='word_1_337' title='bbox 1509 1644 1620 1679; x_wconf 60' lang='lat' dir='ltr'>celari„</span> <span class='ocrx_word' id='word_1_338' title='bbox 1652 1646 1799 1683; x_wconf 83' lang='lat' dir='ltr'>presente</span> 
     </span>
     <span class='ocr_line' id='line_1_39' title="bbox 146 1694 1799 1737; baseline -0.002 -11"><span class='ocrx_word' id='word_1_339' title='bbox 146 1697 204 1727; x_wconf 89' lang='lat' dir='ltr'>hac</span> <span class='ocrx_word' id='word_1_340' title='bbox 230 1696 432 1727; x_wconf 88' lang='lat' dir='ltr'>multitudine</span> <span class='ocrx_word' id='word_1_341' title='bbox 458 1697 588 1737; x_wconf 85' lang='lat' dir='ltr'>eopiosa</span> <span class='ocrx_word' id='word_1_342' title='bbox 612 1696 753 1727; x_wconf 76' lang='lat' dir='ltr'>fidelium</span> <span class='ocrx_word' id='word_1_343' title='bbox 780 1702 889 1727; x_wconf 82' lang='lat' dir='ltr'>contra</span> <span class='ocrx_word' id='word_1_344' title='bbox 915 1707 987 1727; x_wconf 86' lang='lat' dir='ltr'>eum</span> <span class='ocrx_word' id='word_1_345' title='bbox 1012 1700 1148 1735; x_wconf 79' lang='lat' dir='ltr'>cogente</span> <span class='ocrx_word' id='word_1_346' title='bbox 1166 1695 1359 1725; x_wconf 85' lang='lat' dir='ltr'>conscientia</span> <span class='ocrx_word' id='word_1_347' title='bbox 1386 1699 1417 1725; x_wconf 83' lang='lat' dir='ltr'>ct</span> <span class='ocrx_word' id='word_1_348' title='bbox 1442 1695 1561 1725; x_wconf 82' lang='lat' dir='ltr'>iustitia</span> <span class='ocrx_word' id='word_1_349' title='bbox 1585 1696 1734 1733; x_wconf 74' lang='lat' dir='ltr'>exigente</span> <span class='ocrx_word' id='word_1_350' title='bbox 1760 1694 1799 1724; x_wconf 85' lang='lat' dir='ltr'>de</span> 
     </span>
     <span class='ocr_line' id='line_1_40' title="bbox 145 1747 1798 1788; baseline -0.002 -10"><span class='ocrx_word' id='word_1_351' title='bbox 145 1748 276 1778; x_wconf 85' lang='lat' dir='ltr'>fratrum</span> <span class='ocrx_word' id='word_1_352' title='bbox 302 1752 478 1778; x_wconf 83' lang='lat' dir='ltr'>nostrorum</span> <span class='ocrx_word' id='word_1_353' title='bbox 506 1748 636 1778; x_wconf 84' lang='lat' dir='ltr'>consilio</span> <span class='ocrx_word' id='word_1_354' title='bbox 662 1748 875 1788; x_wconf 82' lang='lat' dir='ltr'>procedentes</span> <span class='ocrx_word' id='word_1_355' title='bbox 905 1749 1071 1788; x_wconf 82' lang='lat' dir='ltr'>ipsumque</span> <span class='ocrx_word' id='word_1_356' title='bbox 1098 1750 1282 1788; x_wconf 83' lang='lat' dir='ltr'>reputantes</span> <span class='ocrx_word' id='word_1_357' title='bbox 1307 1752 1339 1777; x_wconf 85' lang='lat' dir='ltr'>ct</span> <span class='ocrx_word' id='word_1_358' title='bbox 1362 1747 1563 1777; x_wconf 75' lang='lat' dir='ltr'>declarantes</span> <span class='ocrx_word' id='word_1_359' title='bbox 1587 1747 1701 1776; x_wconf 84' lang='lat' dir='ltr'>merito</span> <span class='ocrx_word' id='word_1_360' title='bbox 1726 1756 1798 1776; x_wconf 87' lang='lat' dir='ltr'>con-</span> 
     </span>
     <span class='ocr_line' id='line_1_41' title="bbox 144 1798 1798 1840; baseline -0.002 -11"><span class='ocrx_word' id='word_1_361' title='bbox 144 1804 304 1830; x_wconf 84' lang='lat' dir='ltr'>tumacem</span> <span class='ocrx_word' id='word_1_362' title='bbox 334 1799 559 1830; x_wconf 76' lang='lat' dir='ltr'>denuntiamus</span> <span class='ocrx_word' id='word_1_363' title='bbox 583 1803 615 1829; x_wconf 88' lang='lat' dir='ltr'>et</span> <span class='ocrx_word' id='word_1_364' title='bbox 639 1800 840 1830; x_wconf 75' lang='lat' dir='ltr'>declaramus</span> <span class='ocrx_word' id='word_1_365' title='bbox 869 1800 970 1840; x_wconf 87' lang='lat' dir='ltr'>ipsum</span> <span class='ocrx_word' id='word_1_366' title='bbox 1000 1799 1200 1829; x_wconf 88' lang='lat' dir='ltr'>Ludovicum</span> <span class='ocrx_word' id='word_1_367' title='bbox 1231 1799 1388 1838; x_wconf 82' lang='lat' dir='ltr'>privatum</span> <span class='ocrx_word' id='word_1_368' title='bbox 1420 1798 1523 1828; x_wconf 86' lang='lat' dir='ltr'>feudis</span> <span class='ocrx_word' id='word_1_369' title='bbox 1552 1798 1707 1830; x_wconf 87' lang='lat' dir='ltr'>omnihus.</span> <span class='ocrx_word' id='word_1_370' title='bbox 1737 1808 1798 1838; x_wconf 83' lang='lat' dir='ltr'>que</span> 
     </span>
     <span class='ocr_line' id='line_1_42' title="bbox 143 1848 1797 1890; baseline -0.002 -9"><span class='ocrx_word' id='word_1_371' title='bbox 143 1851 183 1881; x_wconf 83' lang='lat' dir='ltr'>ab</span> <span class='ocrx_word' id='word_1_372' title='bbox 214 1852 352 1882; x_wconf 84' lang='lat' dir='ltr'>eeclesia</span> <span class='ocrx_word' id='word_1_373' title='bbox 376 1851 522 1882; x_wconf 81' lang='lat' dir='ltr'>Romana</span> <span class='ocrx_word' id='word_1_374' title='bbox 557 1851 607 1881; x_wconf 84' lang='lat' dir='ltr'>vel</span> <span class='ocrx_word' id='word_1_375' title='bbox 638 1851 781 1881; x_wconf 83' lang='lat' dir='ltr'>eeclesiis</span> <span class='ocrx_word' id='word_1_376' title='bbox 812 1851 882 1881; x_wconf 78' lang='lat' dir='ltr'>aliis</span> <span class='ocrx_word' id='word_1_377' title='bbox 911 1862 966 1880; x_wconf 86' lang='lat' dir='ltr'>seu</span> <span class='ocrx_word' id='word_1_378' title='bbox 1000 1851 1040 1881; x_wconf 87' lang='lat' dir='ltr'>ab</span> <span class='ocrx_word' id='word_1_379' title='bbox 1070 1850 1204 1890; x_wconf 88' lang='lat' dir='ltr'>imperio</span> <span class='ocrx_word' id='word_1_380' title='bbox 1230 1849 1395 1880; x_wconf 83' lang='lat' dir='ltr'>obtinebat</span> <span class='ocrx_word' id='word_1_381' title='bbox 1421 1852 1451 1880; x_wconf 88' lang='lat' dir='ltr'>et</span> <span class='ocrx_word' id='word_1_382' title='bbox 1476 1850 1658 1890; x_wconf 86' lang='lat' dir='ltr'>specialiter</span> <span class='ocrx_word' id='word_1_383' title='bbox 1682 1848 1797 1879; x_wconf 77' lang='lat' dir='ltr'>ducatu</span> 
     </span>
     <span class='ocr_line' id='line_1_43' title="bbox 144 1901 1798 1943; baseline -0.002 -10"><span class='ocrx_word' id='word_1_384' title='bbox 144 1903 278 1933; x_wconf 78' lang='lat' dir='ltr'>Bararie</span> <span class='ocrx_word' id='word_1_385' title='bbox 304 1906 335 1933; x_wconf 87' lang='lat' dir='ltr'>et</span> <span class='ocrx_word' id='word_1_386' title='bbox 360 1903 444 1933; x_wconf 86' lang='lat' dir='ltr'>omni</span> <span class='ocrx_word' id='word_1_387' title='bbox 470 1904 547 1933; x_wconf 82' lang='lat' dir='ltr'>iure.</span> <span class='ocrx_word' id='word_1_388' title='bbox 573 1902 657 1943; x_wconf 88' lang='lat' dir='ltr'>quod</span> <span class='ocrx_word' id='word_1_389' title='bbox 683 1904 712 1933; x_wconf 93' lang='lat' dir='ltr'>in</span> <span class='ocrx_word' id='word_1_390' title='bbox 738 1902 852 1933; x_wconf 85' lang='lat' dir='ltr'>eodem</span> <span class='ocrx_word' id='word_1_391' title='bbox 879 1902 994 1932; x_wconf 84' lang='lat' dir='ltr'>ducatu</span> <span class='ocrx_word' id='word_1_392' title='bbox 1020 1913 1075 1932; x_wconf 85' lang='lat' dir='ltr'>seu</span> <span class='ocrx_word' id='word_1_393' title='bbox 1093 1903 1161 1932; x_wconf 82' lang='lat' dir='ltr'>eius</span> <span class='ocrx_word' id='word_1_394' title='bbox 1179 1902 1416 1931; x_wconf 80' lang='lat' dir='ltr'>continuatione</span> <span class='ocrx_word' id='word_1_395' title='bbox 1441 1901 1489 1931; x_wconf 83' lang='lat' dir='ltr'>vel</span> <span class='ocrx_word' id='word_1_396' title='bbox 1517 1912 1612 1931; x_wconf 82' lang='lat' dir='ltr'>causa</span> <span class='ocrx_word' id='word_1_397' title='bbox 1637 1901 1695 1930; x_wconf 86' lang='lat' dir='ltr'>sibi</span> <span class='ocrx_word' id='word_1_398' title='bbox 1713 1911 1798 1930; x_wconf 82' lang='lat' dir='ltr'>eom-</span> 
     </span>
     <span class='ocr_line' id='line_1_44' title="bbox 144 1952 1800 1995; baseline -0.001 -11"><span class='ocrx_word' id='word_1_399' title='bbox 144 1954 277 1995; x_wconf 84' lang='lat' dir='ltr'>petebat</span> <span class='ocrx_word' id='word_1_400' title='bbox 300 1964 357 1984; x_wconf 88' lang='lat' dir='ltr'>seu</span> <span class='ocrx_word' id='word_1_401' title='bbox 381 1958 566 1994; x_wconf 72' lang='lat' dir='ltr'>competere</span> <span class='ocrx_word' id='word_1_402' title='bbox 592 1958 719 1994; x_wconf 86' lang='lat' dir='ltr'>poterat</span> <span class='ocrx_word' id='word_1_403' title='bbox 743 1965 871 1994; x_wconf 81' lang='lat' dir='ltr'>quoquo</span> <span class='ocrx_word' id='word_1_404' title='bbox 897 1954 1002 1986; x_wconf 80' lang='lat' dir='ltr'>modo,</span> <span class='ocrx_word' id='word_1_405' title='bbox 1028 1953 1227 1994; x_wconf 78' lang='lat' dir='ltr'>exponendis</span> <span class='ocrx_word' id='word_1_406' title='bbox 1256 1952 1306 1982; x_wconf 83' lang='lat' dir='ltr'>vel</span> <span class='ocrx_word' id='word_1_407' title='bbox 1331 1952 1544 1983; x_wconf 79' lang='lat' dir='ltr'>concedendis</span> <span class='ocrx_word' id='word_1_408' title='bbox 1567 1952 1740 1985; x_wconf 74' lang='lat' dir='ltr'>catholicis,</span> <span class='ocrx_word' id='word_1_409' title='bbox 1766 1952 1800 1983; x_wconf 83' lang='lat' dir='ltr'>si.</span> 
     </span>
     <span class='ocr_line' id='line_1_45' title="bbox 144 2003 1796 2047; baseline -0.004 -11"><span class='ocrx_word' id='word_1_410' title='bbox 144 2010 236 2046; x_wconf 89' lang='lat' dir='ltr'>prout</span> <span class='ocrx_word' id='word_1_411' title='bbox 264 2009 295 2036; x_wconf 86' lang='lat' dir='ltr'>et</span> <span class='ocrx_word' id='word_1_412' title='bbox 320 2006 446 2046; x_wconf 84' lang='lat' dir='ltr'>quando</span> <span class='ocrx_word' id='word_1_413' title='bbox 470 2017 506 2036; x_wconf 84' lang='lat' dir='ltr'>uc</span> <span class='ocrx_word' id='word_1_414' title='bbox 525 2006 639 2047; x_wconf 85' lang='lat' dir='ltr'>quibus</span> <span class='ocrx_word' id='word_1_415' title='bbox 656 2006 705 2036; x_wconf 80' lang='lat' dir='ltr'>vel</span> <span class='ocrx_word' id='word_1_416' title='bbox 725 2006 764 2037; x_wconf 81' lang='lat' dir='ltr'>de</span> <span class='ocrx_word' id='word_1_417' title='bbox 783 2006 896 2046; x_wconf 81' lang='lat' dir='ltr'>quibus</span> <span class='ocrx_word' id='word_1_418' title='bbox 913 2006 1006 2036; x_wconf 83' lang='lat' dir='ltr'>sedes</span> <span class='ocrx_word' id='word_1_419' title='bbox 1024 2005 1201 2045; x_wconf 85' lang='lat' dir='ltr'>apostolica</span> <span class='ocrx_word' id='word_1_420' title='bbox 1219 2004 1348 2035; x_wconf 84' lang='lat' dir='ltr'>duxerit</span> <span class='ocrx_word' id='word_1_421' title='bbox 1366 2004 1587 2038; x_wconf 77' lang='lat' dir='ltr'>ordinandum,</span> <span class='ocrx_word' id='word_1_422' title='bbox 1614 2003 1796 2044; x_wconf 80' lang='lat' dir='ltr'>principalis</span> 
     </span>
     <span class='ocr_line' id='line_1_46' title="bbox 144 2055 1799 2098; baseline -0.003 -11"><span class='ocrx_word' id='word_1_423' title='bbox 144 2057 263 2088; x_wconf 87' lang='lat' dir='ltr'>domini</span> <span class='ocrx_word' id='word_1_424' title='bbox 287 2058 353 2088; x_wconf 81' lang='lat' dir='ltr'>iure</span> <span class='ocrx_word' id='word_1_425' title='bbox 379 2057 477 2089; x_wconf 77' lang='lat' dir='ltr'>salvo.</span> <span class='ocrx_word' id='word_1_426' title='bbox 503 2068 625 2088; x_wconf 79' lang='lat' dir='ltr'>necnon</span> <span class='ocrx_word' id='word_1_427' title='bbox 651 2061 682 2088; x_wconf 90' lang='lat' dir='ltr'>et</span> <span class='ocrx_word' id='word_1_428' title='bbox 707 2058 853 2088; x_wconf 88' lang='lat' dir='ltr'>omnihus</span> <span class='ocrx_word' id='word_1_429' title='bbox 871 2058 1045 2098; x_wconf 81' lang='lat' dir='ltr'>privilegiis</span> <span class='ocrx_word' id='word_1_430' title='bbox 1063 2057 1247 2097; x_wconf 85' lang='lat' dir='ltr'>apostolicis</span> <span class='ocrx_word' id='word_1_431' title='bbox 1272 2060 1303 2085; x_wconf 84' lang='lat' dir='ltr'>et</span> <span class='ocrx_word' id='word_1_432' title='bbox 1328 2056 1548 2096; x_wconf 81' lang='lat' dir='ltr'>imperialibus</span> <span class='ocrx_word' id='word_1_433' title='bbox 1571 2055 1630 2085; x_wconf 84' lang='lat' dir='ltr'>sibi</span> <span class='ocrx_word' id='word_1_434' title='bbox 1653 2066 1707 2085; x_wconf 88' lang='lat' dir='ltr'>seu</span> <span class='ocrx_word' id='word_1_435' title='bbox 1732 2056 1799 2085; x_wconf 78' lang='lat' dir='ltr'>eius</span> 
     </span>
     <span class='ocr_line' id='line_1_47' title="bbox 140 2107 1798 2150; baseline -0.002 -11"><span class='ocrx_word' id='word_1_436' title='bbox 140 2109 422 2149; x_wconf 80' lang='lat' dir='ltr'>predecessoribus</span> <span class='ocrx_word' id='word_1_437' title='bbox 435 2108 574 2141; x_wconf 79' lang='lat' dir='ltr'>indultis,</span> <span class='ocrx_word' id='word_1_438' title='bbox 592 2113 748 2150; x_wconf 86' lang='lat' dir='ltr'>quatenus</span> <span class='ocrx_word' id='word_1_439' title='bbox 763 2111 863 2149; x_wconf 85' lang='lat' dir='ltr'>ipsum</span> <span class='ocrx_word' id='word_1_440' title='bbox 878 2110 1064 2150; x_wconf 76' lang='lat' dir='ltr'>contingere</span> <span class='ocrx_word' id='word_1_441' title='bbox 1079 2111 1226 2149; x_wconf 83' lang='lat' dir='ltr'>poterant</span> <span class='ocrx_word' id='word_1_442' title='bbox 1240 2108 1288 2138; x_wconf 83' lang='lat' dir='ltr'>vel</span> <span class='ocrx_word' id='word_1_443' title='bbox 1304 2107 1545 2148; x_wconf 20' lang='lat' dir='ltr'>quom‹⁷›dolihet</span> <span class='ocrx_word' id='word_1_444' title='bbox 1559 2107 1798 2147; x_wconf 75' lang='lat' dir='ltr'>contingebant.</span> 
     </span>
     <span class='ocr_line' id='line_1_48' title="bbox 142 2159 1795 2201; baseline -0.002 -11"><span class='ocrx_word' id='word_1_445' title='bbox 142 2160 310 2200; x_wconf 78' lang='lat' dir='ltr'>ipsumque</span> <span class='ocrx_word' id='word_1_446' title='bbox 334 2161 496 2200; x_wconf 82' lang='lat' dir='ltr'>privamus</span> <span class='ocrx_word' id='word_1_447' title='bbox 520 2160 667 2191; x_wconf 84' lang='lat' dir='ltr'>omnibus</span> <span class='ocrx_word' id='word_1_448' title='bbox 691 2164 721 2191; x_wconf 88' lang='lat' dir='ltr'>et</span> <span class='ocrx_word' id='word_1_449' title='bbox 746 2161 878 2201; x_wconf 78' lang='lat' dir='ltr'>siugulis</span> <span class='ocrx_word' id='word_1_450' title='bbox 902 2160 1102 2201; x_wconf 57' lang='lat' dir='ltr'>supradietis</span> <span class='ocrx_word' id='word_1_451' title='bbox 1128 2159 1283 2190; x_wconf 70' lang='lat' dir='ltr'>vassallos</span> <span class='ocrx_word' id='word_1_452' title='bbox 1304 2170 1430 2200; x_wconf 87' lang='lat' dir='ltr'>quoque</span> <span class='ocrx_word' id='word_1_453' title='bbox 1454 2159 1552 2199; x_wconf 85' lang='lat' dir='ltr'>ipsius</span> <span class='ocrx_word' id='word_1_454' title='bbox 1577 2170 1594 2189; x_wconf 88' lang='lat' dir='ltr'>a</span> <span class='ocrx_word' id='word_1_455' title='bbox 1618 2159 1795 2188; x_wconf 82' lang='lat' dir='ltr'>iuramento</span> 
     </span>
     <span class='ocr_line' id='line_1_49' title="bbox 142 2209 1796 2252; baseline -0.002 -11"><span class='ocrx_word' id='word_1_456' title='bbox 142 2211 305 2242; x_wconf 83' lang='lat' dir='ltr'>fidelitatis</span> <span class='ocrx_word' id='word_1_457' title='bbox 323 2216 355 2241; x_wconf 86' lang='lat' dir='ltr'>et</span> <span class='ocrx_word' id='word_1_458' title='bbox 372 2211 515 2252; x_wconf 58' lang='lat' dir='ltr'>quidibet</span> <span class='ocrx_word' id='word_1_459' title='bbox 532 2211 695 2242; x_wconf 84' lang='lat' dir='ltr'>fidelitatis</span> <span class='ocrx_word' id='word_1_460' title='bbox 712 2212 837 2242; x_wconf 82' lang='lat' dir='ltr'>vinculo</span> <span class='ocrx_word' id='word_1_461' title='bbox 860 2217 889 2242; x_wconf 83' lang='lat' dir='ltr'>et</span> <span class='ocrx_word' id='word_1_462' title='bbox 914 2212 1064 2251; x_wconf 77' lang='lat' dir='ltr'>homagio</span> <span class='ocrx_word' id='word_1_463' title='bbox 1083 2212 1266 2251; x_wconf 75' lang='lat' dir='ltr'>expressius</span> <span class='ocrx_word' id='word_1_464' title='bbox 1282 2211 1464 2241; x_wconf 81' lang='lat' dir='ltr'>nuntiantes</span> <span class='ocrx_word' id='word_1_465' title='bbox 1481 2210 1608 2251; x_wconf 88' lang='lat' dir='ltr'>penitus</span> <span class='ocrx_word' id='word_1_466' title='bbox 1625 2209 1796 2240; x_wconf 85' lang='lat' dir='ltr'>absolutos.</span> 
     </span>
    </p>

    <p class='ocr_par' dir='ltr' id='par_1_15' title="bbox 144 2260 1800 2765">
     <span class='ocr_line' id='line_1_50' title="bbox 260 2260 1798 2304; baseline -0.003 -11"><span class='ocrx_word' id='word_1_467' title='bbox 260 2265 304 2293; x_wconf 80' lang='lat'>13.</span> <span class='ocrx_word' id='word_1_468' title='bbox 329 2263 371 2293; x_wconf 86' lang='lat' dir='ltr'>Et</span> <span class='ocrx_word' id='word_1_469' title='bbox 388 2264 462 2304; x_wconf 76' lang='lat' dir='ltr'>quia</span> <span class='ocrx_word' id='word_1_470' title='bbox 480 2264 775 2294; x_wconf 81' lang='lat' dir='ltr'>cxconnnunicatus</span> <span class='ocrx_word' id='word_1_471' title='bbox 792 2274 848 2304; x_wconf 88' lang='lat' dir='ltr'>pro</span> <span class='ocrx_word' id='word_1_472' title='bbox 867 2263 1004 2294; x_wconf 86' lang='lat' dir='ltr'>fautoria</span> <span class='ocrx_word' id='word_1_473' title='bbox 1021 2263 1235 2293; x_wconf 84' lang='lat' dir='ltr'>hereticorum</span> <span class='ocrx_word' id='word_1_474' title='bbox 1254 2262 1593 2292; x_wconf 82' lang='lat' dir='ltr'>excommunicationis</span> <span class='ocrx_word' id='word_1_475' title='bbox 1610 2260 1798 2290; x_wconf 81' lang='lat' dir='ltr'>senteutiam</span> 
     </span>
     <span class='ocr_line' id='line_1_51' title="bbox 144 2311 1799 2355; baseline -0.003 -11"><span class='ocrx_word' id='word_1_476' title='bbox 144 2314 291 2344; x_wconf 87' lang='lat' dir='ltr'>sustinuit</span> <span class='ocrx_word' id='word_1_477' title='bbox 316 2324 374 2355; x_wconf 91' lang='lat' dir='ltr'>per</span> <span class='ocrx_word' id='word_1_478' title='bbox 399 2314 560 2345; x_wconf 87' lang='lat' dir='ltr'>biennium</span> <span class='ocrx_word' id='word_1_479' title='bbox 586 2319 618 2345; x_wconf 87' lang='lat' dir='ltr'>et</span> <span class='ocrx_word' id='word_1_480' title='bbox 641 2315 723 2345; x_wconf 80' lang='lat' dir='ltr'>ultra</span> <span class='ocrx_word' id='word_1_481' title='bbox 747 2315 853 2346; x_wconf 83' lang='lat' dir='ltr'>animo</span> <span class='ocrx_word' id='word_1_482' title='bbox 879 2315 1036 2349; x_wconf 69' lang='lat' dir='ltr'>indurato,</span> <span class='ocrx_word' id='word_1_483' title='bbox 1061 2314 1178 2344; x_wconf 88' lang='lat' dir='ltr'>idcirco</span> <span class='ocrx_word' id='word_1_484' title='bbox 1203 2313 1404 2344; x_wconf 82' lang='lat' dir='ltr'>declaramus</span> <span class='ocrx_word' id='word_1_485' title='bbox 1428 2314 1587 2353; x_wconf 78' lang='lat' dir='ltr'>prefatum</span> <span class='ocrx_word' id='word_1_486' title='bbox 1603 2311 1799 2342; x_wconf 83' lang='lat' dir='ltr'>Ludovicum</span> 
     </span>
     <span class='ocr_line' id='line_1_52' title="bbox 145 2362 1800 2407; baseline -0.003 -12"><span class='ocrx_word' id='word_1_487' title='bbox 145 2365 212 2396; x_wconf 81' lang='lat' dir='ltr'>fore</span> <span class='ocrx_word' id='word_1_488' title='bbox 237 2366 442 2396; x_wconf 84' lang='lat' dir='ltr'>manifestum</span> <span class='ocrx_word' id='word_1_489' title='bbox 467 2366 681 2396; x_wconf 86' lang='lat' dir='ltr'>hereticorum</span> <span class='ocrx_word' id='word_1_490' title='bbox 701 2367 859 2397; x_wconf 85' lang='lat' dir='ltr'>fautorem</span> <span class='ocrx_word' id='word_1_491' title='bbox 876 2367 1045 2407; x_wconf 78' lang='lat' dir='ltr'>ipsumque</span> <span class='ocrx_word' id='word_1_492' title='bbox 1064 2376 1162 2406; x_wconf 80' lang='lat' dir='ltr'>penas</span> <span class='ocrx_word' id='word_1_493' title='bbox 1179 2376 1290 2396; x_wconf 84' lang='lat' dir='ltr'>omnes</span> <span class='ocrx_word' id='word_1_494' title='bbox 1307 2375 1325 2395; x_wconf 82' lang='lat' dir='ltr'>a</span> <span class='ocrx_word' id='word_1_495' title='bbox 1343 2363 1515 2395; x_wconf 82' lang='lat' dir='ltr'>canonibus</span> <span class='ocrx_word' id='word_1_496' title='bbox 1532 2364 1666 2393; x_wconf 81' lang='lat' dir='ltr'>inflictas</span> <span class='ocrx_word' id='word_1_497' title='bbox 1685 2362 1800 2392; x_wconf 78' lang='lat' dir='ltr'>talibus</span> 
     </span>
     <span class='ocr_line' id='line_1_53' title="bbox 144 2415 1798 2457; baseline -0.002 -11"><span class='ocrx_word' id='word_1_498' title='bbox 144 2416 326 2449; x_wconf 86' lang='lat' dir='ltr'>incurrisse.</span> <span class='ocrx_word' id='word_1_499' title='bbox 367 2424 473 2447; x_wconf 87' lang='lat' dir='ltr'>rursus</span> <span class='ocrx_word' id='word_1_500' title='bbox 503 2417 640 2447; x_wconf 86' lang='lat' dir='ltr'>eundem</span> <span class='ocrx_word' id='word_1_501' title='bbox 671 2417 895 2450; x_wconf 70' lang='lat' dir='ltr'>Inicl(›[v&#39;ic111n1</span> <span class='ocrx_word' id='word_1_502' title='bbox 926 2427 983 2457; x_wconf 87' lang='lat' dir='ltr'>per</span> <span class='ocrx_word' id='word_1_503' title='bbox 1010 2426 1142 2457; x_wconf 77' lang='lat' dir='ltr'>presens</span> <span class='ocrx_word' id='word_1_504' title='bbox 1175 2416 1316 2446; x_wconf 86' lang='lat' dir='ltr'>edictum</span> <span class='ocrx_word' id='word_1_505' title='bbox 1346 2415 1507 2456; x_wconf 87' lang='lat' dir='ltr'>publicum</span> <span class='ocrx_word' id='word_1_506' title='bbox 1538 2425 1705 2445; x_wconf 86' lang='lat' dir='ltr'>monemus</span> <span class='ocrx_word' id='word_1_507' title='bbox 1735 2417 1798 2443; x_wconf 86' lang='lat' dir='ltr'>tam</span> 
     </span>
     <span class='ocr_line' id='line_1_54' title="bbox 145 2466 1800 2509; baseline -0.002 -12"><span class='ocrx_word' id='word_1_508' title='bbox 145 2467 203 2497; x_wconf 82' lang='lat' dir='ltr'>sub</span> <span class='ocrx_word' id='word_1_509' title='bbox 227 2469 566 2499; x_wconf 82' lang='lat' dir='ltr'>excommunicationis</span> <span class='ocrx_word' id='word_1_510' title='bbox 590 2479 685 2509; x_wconf 84' lang='lat' dir='ltr'>quam</span> <span class='ocrx_word' id='word_1_511' title='bbox 711 2468 781 2499; x_wconf 85' lang='lat' dir='ltr'>aliis</span> <span class='ocrx_word' id='word_1_512' title='bbox 806 2468 1023 2509; x_wconf 86' lang='lat' dir='ltr'>spiritualibus</span> <span class='ocrx_word' id='word_1_513' title='bbox 1048 2471 1079 2498; x_wconf 89' lang='lat' dir='ltr'>et</span> <span class='ocrx_word' id='word_1_514' title='bbox 1103 2467 1334 2507; x_wconf 84' lang='lat' dir='ltr'>temporalibus</span> <span class='ocrx_word' id='word_1_515' title='bbox 1358 2467 1448 2506; x_wconf 83' lang='lat' dir='ltr'>penis</span> <span class='ocrx_word' id='word_1_516' title='bbox 1472 2469 1581 2496; x_wconf 85' lang='lat' dir='ltr'>contra</span> <span class='ocrx_word' id='word_1_517' title='bbox 1604 2466 1744 2495; x_wconf 79' lang='lat' dir='ltr'>fautores</span> <span class='ocrx_word' id='word_1_518' title='bbox 1769 2470 1800 2494; x_wconf 90' lang='lat' dir='ltr'>et</span> 
     </span>
     <span class='ocr_line' id='line_1_55' title="bbox 146 2516 1796 2560; baseline -0.002 -11"><span class='ocrx_word' id='word_1_519' title='bbox 146 2518 330 2550; x_wconf 83' lang='lat' dir='ltr'>defensores</span> <span class='ocrx_word' id='word_1_520' title='bbox 348 2519 562 2550; x_wconf 82' lang='lat' dir='ltr'>hereticorum</span> <span class='ocrx_word' id='word_1_521' title='bbox 587 2530 644 2560; x_wconf 78' lang='lat' dir='ltr'>per</span> <span class='ocrx_word' id='word_1_522' title='bbox 661 2531 767 2550; x_wconf 85' lang='lat' dir='ltr'>sacros</span> <span class='ocrx_word' id='word_1_523' title='bbox 785 2531 922 2551; x_wconf 65' lang='lat' dir='ltr'>cantares</span> <span class='ocrx_word' id='word_1_524' title='bbox 939 2520 1096 2560; x_wconf 79' lang='lat' dir='ltr'>impositis</span> <span class='ocrx_word' id='word_1_525' title='bbox 1113 2523 1144 2549; x_wconf 85' lang='lat' dir='ltr'>et</span> <span class='ocrx_word' id='word_1_526' title='bbox 1165 2519 1300 2550; x_wconf 77' lang='lat' dir='ltr'>inflictis.</span> <span class='ocrx_word' id='word_1_527' title='bbox 1325 2528 1404 2558; x_wconf 89' lang='lat' dir='ltr'>quas</span> <span class='ocrx_word' id='word_1_528' title='bbox 1420 2518 1534 2558; x_wconf 57' lang='lat' dir='ltr'>ipsumq</span> <span class='ocrx_word' id='word_1_529' title='bbox 1556 2517 1615 2546; x_wconf 91' lang='lat' dir='ltr'>nisi</span> <span class='ocrx_word' id='word_1_530' title='bbox 1633 2516 1796 2546; x_wconf 85' lang='lat' dir='ltr'>monitioni</span> 
     </span>
     <span class='ocr_line' id='line_1_56' title="bbox 147 2567 1797 2611; baseline -0.003 -11"><span class='ocrx_word' id='word_1_531' title='bbox 147 2574 252 2600; x_wconf 87' lang='lat' dir='ltr'>nostre</span> <span class='ocrx_word' id='word_1_532' title='bbox 284 2571 465 2601; x_wconf 89' lang='lat' dir='ltr'>huiusmodi</span> <span class='ocrx_word' id='word_1_533' title='bbox 495 2572 636 2611; x_wconf 84' lang='lat' dir='ltr'>paruerit</span> <span class='ocrx_word' id='word_1_534' title='bbox 667 2582 738 2602; x_wconf 89' lang='lat' dir='ltr'>cum</span> <span class='ocrx_word' id='word_1_535' title='bbox 767 2572 897 2605; x_wconf 76' lang='lat' dir='ltr'>effectu,</span> <span class='ocrx_word' id='word_1_536' title='bbox 930 2572 1089 2601; x_wconf 86' lang='lat' dir='ltr'>incurrere</span> <span class='ocrx_word' id='word_1_537' title='bbox 1122 2570 1279 2599; x_wconf 81' lang='lat' dir='ltr'>voluimus</span> <span class='ocrx_word' id='word_1_538' title='bbox 1310 2569 1378 2609; x_wconf 83' lang='lat' dir='ltr'>ipso</span> <span class='ocrx_word' id='word_1_539' title='bbox 1408 2568 1506 2601; x_wconf 80' lang='lat' dir='ltr'>facto.</span> <span class='ocrx_word' id='word_1_540' title='bbox 1537 2571 1570 2597; x_wconf 88' lang='lat' dir='ltr'>ut</span> <span class='ocrx_word' id='word_1_541' title='bbox 1601 2577 1619 2597; x_wconf 84' lang='lat' dir='ltr'>a</span> <span class='ocrx_word' id='word_1_542' title='bbox 1651 2567 1797 2596; x_wconf 84' lang='lat' dir='ltr'>fautoria.</span> 
     </span>
     <span class='ocr_line' id='line_1_57' title="bbox 148 2618 1796 2662; baseline -0.003 -11"><span class='ocrx_word' id='word_1_543' title='bbox 148 2621 335 2652; x_wconf 83' lang='lat' dir='ltr'>defensione</span> <span class='ocrx_word' id='word_1_544' title='bbox 354 2626 386 2652; x_wconf 88' lang='lat' dir='ltr'>et</span> <span class='ocrx_word' id='word_1_545' title='bbox 402 2622 577 2653; x_wconf 85' lang='lat' dir='ltr'>adhesione</span> <span class='ocrx_word' id='word_1_546' title='bbox 596 2623 751 2653; x_wconf 80' lang='lat' dir='ltr'>dictorum</span> <span class='ocrx_word' id='word_1_547' title='bbox 770 2623 983 2654; x_wconf 84' lang='lat' dir='ltr'>hereticorum</span> <span class='ocrx_word' id='word_1_548' title='bbox 1003 2631 1177 2662; x_wconf 82' lang='lat' dir='ltr'>eorumque</span> <span class='ocrx_word' id='word_1_549' title='bbox 1196 2621 1367 2653; x_wconf 80' lang='lat' dir='ltr'>fautormn.</span> <span class='ocrx_word' id='word_1_550' title='bbox 1385 2620 1564 2660; x_wconf 85' lang='lat' dir='ltr'>sequatium</span> <span class='ocrx_word' id='word_1_551' title='bbox 1582 2622 1614 2648; x_wconf 87' lang='lat' dir='ltr'>et</span> <span class='ocrx_word' id='word_1_552' title='bbox 1631 2618 1796 2647; x_wconf 82' lang='lat' dir='ltr'>valitorum</span> 
     </span>
     <span class='ocr_line' id='line_1_58' title="bbox 149 2666 1796 2714; baseline -0.003 -12"><span class='ocrx_word' id='word_1_553' title='bbox 149 2666 280 2703; x_wconf 81' lang='lat' dir='ltr'>desistat</span> <span class='ocrx_word' id='word_1_554' title='bbox 305 2674 444 2713; x_wconf 81' lang='lat' dir='ltr'>penitus.</span> <span class='ocrx_word' id='word_1_555' title='bbox 474 2675 519 2704; x_wconf 90' lang='lat' dir='ltr'>eis</span> <span class='ocrx_word' id='word_1_556' title='bbox 548 2675 596 2704; x_wconf 91' lang='lat' dir='ltr'>vel</span> <span class='ocrx_word' id='word_1_557' title='bbox 623 2685 732 2704; x_wconf 86' lang='lat' dir='ltr'>eorum</span> <span class='ocrx_word' id='word_1_558' title='bbox 758 2674 916 2714; x_wconf 83' lang='lat' dir='ltr'>aliquibus</span> <span class='ocrx_word' id='word_1_559' title='bbox 941 2673 981 2703; x_wconf 86' lang='lat' dir='ltr'>de</span> <span class='ocrx_word' id='word_1_560' title='bbox 1006 2677 1128 2706; x_wconf 73' lang='lat' dir='ltr'>cetero,</span> <span class='ocrx_word' id='word_1_561' title='bbox 1159 2682 1252 2712; x_wconf 83' lang='lat' dir='ltr'>quam</span> <span class='ocrx_word' id='word_1_562' title='bbox 1283 2672 1335 2701; x_wconf 72' lang='lat' dir='ltr'>&lt;liu</span> <span class='ocrx_word' id='word_1_563' title='bbox 1362 2672 1389 2701; x_wconf 91' lang='lat' dir='ltr'>in</span> <span class='ocrx_word' id='word_1_564' title='bbox 1415 2681 1469 2700; x_wconf 86' lang='lat' dir='ltr'>sua</span> <span class='ocrx_word' id='word_1_565' title='bbox 1496 2669 1628 2710; x_wconf 60' lang='lat' dir='ltr'>perfidia,</span> <span class='ocrx_word' id='word_1_566' title='bbox 1654 2673 1685 2699; x_wconf 89' lang='lat' dir='ltr'>et</span> <span class='ocrx_word' id='word_1_567' title='bbox 1710 2672 1796 2698; x_wconf 80' lang='lat' dir='ltr'>extra</span> 
     </span>
     <span class='ocr_line' id='line_1_59' title="bbox 147 2721 1797 2765; baseline -0.004 -11"><span class='ocrx_word' id='word_1_568' title='bbox 147 2725 282 2764; x_wconf 83' lang='lat' dir='ltr'>gratiam</span> <span class='ocrx_word' id='word_1_569' title='bbox 308 2725 451 2765; x_wconf 88' lang='lat' dir='ltr'>predicte</span> <span class='ocrx_word' id='word_1_570' title='bbox 480 2725 564 2755; x_wconf 89' lang='lat' dir='ltr'>sedis</span> <span class='ocrx_word' id='word_1_571' title='bbox 593 2730 624 2755; x_wconf 88' lang='lat' dir='ltr'>et</span> <span class='ocrx_word' id='word_1_572' title='bbox 649 2726 904 2756; x_wconf 84' lang='lat' dir='ltr'>communionem</span> <span class='ocrx_word' id='word_1_573' title='bbox 930 2725 1071 2755; x_wconf 82' lang='lat' dir='ltr'>fidelium</span> <span class='ocrx_word' id='word_1_574' title='bbox 1096 2724 1306 2763; x_wconf 83' lang='lat' dir='ltr'>perstiterint.</span> <span class='ocrx_word' id='word_1_575' title='bbox 1337 2722 1516 2752; x_wconf 81' lang='lat' dir='ltr'>nullatenus</span> <span class='ocrx_word' id='word_1_576' title='bbox 1541 2721 1716 2750; x_wconf 83' lang='lat' dir='ltr'>adhesurus</span> <span class='ocrx_word' id='word_1_577' title='bbox 1741 2729 1797 2748; x_wconf 80' lang='lat' dir='ltr'>nec</span> 
     </span>
    </p>
   </div>
   <div class='ocr_carea' id='block_1_14' title="bbox 106 2771 1796 2816">
    <p class='ocr_par' dir='ltr' id='par_1_16' title="bbox 106 2771 1796 2816">
     <span class='ocr_line' id='line_1_60' title="bbox 106 2771 1796 2816; baseline -0.004 -11"><span class='ocrx_word' id='word_1_578' title='bbox 106 2787 131 2806; x_wconf 86' lang='lat'>50</span> <span class='ocrx_word' id='word_1_579' title='bbox 153 2785 207 2805; x_wconf 83' lang='lat' dir='ltr'>eos</span> <span class='ocrx_word' id='word_1_580' title='bbox 236 2775 423 2806; x_wconf 79' lang='lat' dir='ltr'>defensurus</span> <span class='ocrx_word' id='word_1_581' title='bbox 451 2777 501 2806; x_wconf 88' lang='lat' dir='ltr'>vel</span> <span class='ocrx_word' id='word_1_582' title='bbox 531 2776 651 2807; x_wconf 86' lang='lat' dir='ltr'>eisdem</span> <span class='ocrx_word' id='word_1_583' title='bbox 681 2778 868 2816; x_wconf 86' lang='lat' dir='ltr'>prestiturus</span> <span class='ocrx_word' id='word_1_584' title='bbox 897 2787 955 2816; x_wconf 83' lang='lat' dir='ltr'>per</span> <span class='ocrx_word' id='word_1_585' title='bbox 978 2786 1011 2805; x_wconf 82' lang='lat' dir='ltr'>sc</span> <span class='ocrx_word' id='word_1_586' title='bbox 1036 2775 1085 2805; x_wconf 81' lang='lat' dir='ltr'>rel</span> <span class='ocrx_word' id='word_1_587' title='bbox 1111 2774 1207 2804; x_wconf 85' lang='lat' dir='ltr'>alium</span> <span class='ocrx_word' id='word_1_588' title='bbox 1232 2784 1287 2804; x_wconf 84' lang='lat' dir='ltr'>seu</span> <span class='ocrx_word' id='word_1_589' title='bbox 1311 2774 1390 2803; x_wconf 79' lang='lat' dir='ltr'>alios</span> <span class='ocrx_word' id='word_1_590' title='bbox 1415 2772 1534 2802; x_wconf 81' lang='lat' dir='ltr'>directe</span> <span class='ocrx_word' id='word_1_591' title='bbox 1560 2771 1610 2801; x_wconf 78' lang='lat' dir='ltr'>rel</span> <span class='ocrx_word' id='word_1_592' title='bbox 1635 2771 1796 2800; x_wconf 78' lang='lat' dir='ltr'>indirecte-</span> 
     </span>
    </p>
   </div>
  </div>
 </body>
</html>
