2205 3025
472 107 568 139 ACTA
589 107 700 133 REGNI
721 106 903 132 LUDEWICI
922 107 968 132 IV*
988 107 1033 133 ET
1054 106 1236 132 FRIDERICI
1256 107 1303 132 III.
1342 106 1415 132 1328.
1452 105 1499 132 Nr.
1513 106 1571 132 490.
1793 108 1855 138 403

321 195 347 224 1.
383 194 491 224 Primo
516 193 645 234 quidem
671 196 729 223 etc.
755 193 1003 223 recommendet.

319 255 347 284 2.
384 253 530 284 Secundo
555 254 690 283 narratis
714 263 770 293 per
801 253 943 283 ordinem
974 252 1174 293 processibus
1205 256 1236 282 et
1261 252 1498 292 operationibus
1529 252 1660 284 heretici
1685 253 1801 284 Bavari
1826 258 1858 285 et

210 304 377 345 ydolorum
395 315 533 341 suorum,
558 315 619 345 que
636 314 752 344 papam
771 308 803 334 et
819 303 996 334 cardinales
1013 303 1165 344 appellat⁷
1191 307 1222 333 et
1239 306 1323 334 statu
1341 307 1372 333 et
1389 303 1623 334 conditionibus
1640 304 1725 335 urbis
1742 304 1857 345 Rome,

211 355 297 386 dicat
313 360 345 387 et
360 358 545 386 reverenter
562 359 593 386 et
610 356 772 395 sapienter
788 359 938 395 exponat,
957 355 1093 395 qualiter
1109 355 1177 395 ipse
1194 355 1338 385 Bavarus
1355 355 1490 385 intendit
1509 356 1614 385 venire
1632 356 1778 386 Aretium
1797 360 1856 387 etc.

182 405 252 436 ⁵Et
282 406 354 437 ideo
385 407 545 437 sanctitati
574 417 629 436 sue
664 407 919 436 reverentissime
959 406 1130 446 supplicet„
1163 405 1247 446 quod
1281 406 1488 436 consideratis
1525 406 1675 446 predictis
1711 410 1743 438 et
1777 408 1856 448 aliis,

211 467 273 498 que
297 468 359 488 non
383 457 592 488 existentibus
616 457 785 497 inpotenti
804 457 932 487 brachio
950 457 1142 487 Florentinis
1159 460 1288 497 possent
1312 457 1459 488 accidere
1483 458 1634 498 predictis
1658 459 1858 490 venientibus

210 508 358 548 inimicis,
389 508 537 548 dignetur
563 508 757 538 fidelissimis
780 507 971 538 Florentinis
1000 507 1166 548 providere
1192 508 1231 538 de
1256 509 1362 548 amplo
1388 509 1527 539 subsidio
1553 510 1619 540 sine
1644 520 1748 549 mora,
1777 511 1858 541 sicut

210 560 371 590 civitatem
398 559 560 590 Florentie
585 563 616 589 et
640 560 880 590 circumstantes
904 563 1004 590 terras
1028 559 1160 589 devotas
1177 559 1340 590 desiderat
1363 560 1393 589 in
1419 560 1588 591 devotione
1613 572 1669 592 sua
1693 565 1726 592 et
1748 563 1858 593 matris

211 611 345 642 ecclesie
370 621 568 646 conservare,
593 614 625 640 et
648 611 711 640 suis
735 610 850 651 legatis
875 610 1023 649 scribere,
1048 610 1133 651 quod
1156 611 1188 640 in
1213 611 1337 641 casibus
1362 612 1587 642 necessitatum
1605 614 1764 643 communi
1782 613 1858 644 Flo-

168 671 191 690 10
210 663 311 693 rentie
336 663 433 692 immo
458 662 628 692 universali
657 662 737 701 parti
767 661 901 691 ecclesie
923 662 1080 700 celeriter7
1105 661 1203 692 libere
1229 672 1265 692 ac
1290 662 1383 693 facile
1409 663 1597 702 provideant
1622 667 1652 694 et
1676 668 1859 695 succurrant

211 724 282 745 cum
306 724 435 744 suorum
459 713 603 744 exfortiis
626 716 821 743 armatorum
847 724 902 753 pro
928 713 1113 744 defensione
1138 713 1279 743 fidelium
1301 717 1333 744 et
1349 725 1405 754 pro
1424 714 1629 754 depressione
1648 715 1858 746 danna-torum

211 768 242 796 ct
266 765 441 796 infidelium
466 763 690 805 predictorum.

319 827 346 855 3.
377 824 542 864 Supplicet
559 824 657 854 etiam
674 824 849 863 apostolice
867 824 1036 860 sanctitati5
1062 828 1218 864 quatenus
1235 823 1407 864 diligenter
1422 826 1552 855 attentis
1569 826 1719 865 predictis
1743 837 1857 867 grava-

211 876 363 912 minibus,
388 875 502 916 quibus
526 885 694 905 commune
720 875 881 905 Florentio
907 875 1152 915 importabiliter
1176 875 1342 915 fatigatur,
1369 880 1400 906 et
1424 876 1520 906 etiam
1546 877 1747 908 considerato
1773 879 1858 918 quod

168 938 189 956 ιε»
211 926 413 959 defendendo
439 927 599 957 civitatem
618 926 780 956 Florentio
806 937 961 966 suumque
987 926 1164 956 districtum
1188 926 1291 956 clerus
1309 931 1340 957 et
1357 926 1461 957 clerici
1487 927 1702 958 defenduntur
1726 933 1757 959 et
1775 929 1859 960 bona

209 979 429 1010 custodiuntur
453 989 573 1017 eorum⁷
598 978 745 1008 ordinare
763 988 799 1008 ac
818 977 970 1007 mandare
988 977 1146 1018 dignetur„
1171 977 1255 1017 quod
1281 977 1386 1007 cleriei
1413 983 1443 1008 et
1469 979 1604 1009 ecclesie
1622 979 1661 1009 (le
1679 979 1858 1012 diocesibus

209 1031 395 1061 Florentina
416 1033 448 1061 et
464 1030 624 1060 Fesulana
641 1029 843 1059 contribuant
867 1030 1025 1059 communi
1043 1029 1205 1059 Florentie
1230 1030 1260 1058 in
1286 1029 1436 1069 expensis
1460 1031 1599 1060 maxime
1625 1042 1679 1071 pro
1705 1042 1858 1063 novorum

209 1082 442 1113 constructione
467 1091 628 1112 murorum
653 1081 789 1111 civitatis
814 1080 975 1110 Florentie
1001 1083 1032 1110 ct
1056 1080 1279 1110 fortificatione
1309 1080 1444 1110 civitatis
1473 1081 1617 1112 eiusdem
1642 1083 1671 1112 in
1696 1094 1735 1113 ea
1759 1094 1857 1124 quan-

209 1134 299 1164 titate
325 1137 355 1163 et
379 1144 417 1164 eo
443 1132 537 1163 modo
568 1136 599 1163 et
627 1132 743 1164 forma.
776 1132 890 1172 quibus
919 1129 1159 1173 111isericordi[el
1188 1132 1363 1161 sanctitatis
1395 1133 1569 1172 apostolice
1599 1133 1756 1164 videbitur
1785 1145 1857 1165 con-

165 1198 189 1216 20
209 1186 326 1216 venire.

316 1239 344 1266 4.
382 1236 462 1266 Item
492 1239 631 1275 exponat
660 1235 835 1275 apostolice
864 1235 1039 1271 sanctitati,
1073 1234 1209 1275 qualiter
1242 1235 1405 1274 sapientes
1436 1239 1467 1265 et
1499 1245 1667 1266 commune
1698 1236 1858 1268 Florentie

208 1287 352 1319 videntes
377 1291 409 1318 et
432 1289 662 1328 cognoscentes
684 1286 791 1326 ampla
815 1285 994 1320 commoda,
1020 1297 1081 1326 que
1100 1285 1313 1325 Castruccius,
1338 1285 1447 1316 Pisani
1466 1289 1498 1316 et
1516 1287 1635 1317 Lucani
1660 1287 1766 1318 hostes
1784 1298 1857 1318 con—

208 1339 423 1380 sequebantur
458 1348 499 1369 ex
533 1338 775 1368 conversatione
811 1348 847 1368 ac
883 1338 1078 1368 mercatione
1113 1337 1371 1367 Florentinorum
1408 1338 1438 1367 in
1471 1339 1599 1368 civitate
1631 1339 1790 1378 Pisamm,
1827 1344 1858 1370 et

209 1392 380 1432 cupientes,
406 1389 492 1431 quod
515 1390 576 1430 ipsi
599 1389 707 1419 hostes
732 1390 894 1429 priventur
911 1388 1087 1419 commodis
1104 1388 1274 1419 antedictis
1291 1392 1323 1419 et
1339 1389 1423 1429 quod
1442 1390 1510 1429 ipsa
1527 1389 1696 1420 commoda
1713 1390 1859 1421 fidelibus

164 1455 188 1473 25
209 1443 418 1483 applicentur,
443 1446 596 1482 ruperunt
620 1445 652 1471 et
676 1441 856 1472 clauserunt
881 1445 912 1471 et
936 1444 1044 1481 ruptos
1069 1444 1102 1471 et
1126 1441 1250 1471 clausos
1275 1444 1385 1471 tenent
1408 1444 1523 1471 stratas
1547 1452 1635 1477 suas,
1661 1442 1773 1482 quibus
1797 1443 1859 1472 itur

207 1494 308 1533 Pisas,
333 1497 364 1524 et
388 1493 482 1524 duras
506 1493 596 1533 leges
620 1496 651 1523 et
676 1493 891 1523 ordinationes
920 1492 1091 1523 ediderunt
1119 1496 1229 1522 contra
1259 1502 1386 1525 omnes,
1419 1493 1471 1533 qui
1501 1496 1610 1523 contra
1639 1494 1780 1523 facerent
1808 1494 1858 1523 vel

208 1546 361 1581 venirent,
386 1548 417 1575 et
441 1555 495 1575 eas
520 1544 638 1575 faciunt
655 1544 862 1574 immobiliter
879 1545 1051 1575 observari.
1077 1555 1138 1573 non
1156 1543 1302 1574 obstante
1321 1544 1406 1584 quod
1423 1544 1495 1574 indo
1514 1544 1598 1574 vivos
1616 1548 1648 1573 ct
1664 1548 1859 1575 mercatores

207 1596 368 1627 Florentie
393 1596 591 1626 substineant
620 1595 735 1625 damna
759 1595 943 1636 gravissima
974 1600 1006 1625 ct
1033 1595 1170 1635 qualiter
1194 1595 1342 1625 clausura
1371 1598 1403 1624 et
1432 1596 1571 1625 fractura
1595 1595 1749 1626 dictarum
1779 1599 1858 1626 stra-

208 1652 311 1678 tarum
340 1658 453 1688 parum
477 1647 660 1688 prodesset,
692 1648 747 1676 nisi
774 1657 832 1687 per
860 1648 1040 1677 communia
1065 1646 1234 1679 Senarunn
1265 1646 1430 1684 Vulterrc,
1461 1647 1492 1677 S.
1512 1647 1676 1677 lcminiani
1706 1651 1737 1677 ct
1761 1647 1859 1677 Collis

167 1715 190 1733 30
210 1701 405 1730 contermina
429 1700 547 1730 civitati
576 1704 607 1729 et
631 1699 785 1730 districtni
810 1699 955 1729 Pisaruin
980 1699 1071 1729 ficret
1096 1698 1173 1729 illud
1198 1698 1294 1729 idem.
1320 1702 1351 1728 et
1380 1698 1452 1729 ideo
1482 1709 1552 1729 cum
1583 1710 1622 1729 ox
1653 1699 1711 1729 lioc
1736 1698 1860 1729 Pisanis

211 1755 243 1782 et
258 1751 439 1782 Castruccio
466 1751 594 1792 perfidis
619 1762 713 1792 quam
738 1752 879 1782 maxima
904 1751 1073 1782 commoda
1097 1751 1331 1785 subtrahantun
1359 1750 1519 1791 supplicet
1543 1750 1718 1791 apostolice
1743 1752 1858 1780 saucti-

211 1804 281 1841 tati,
310 1807 467 1843 quatenus
495 1803 525 1832 in
555 1803 613 1832 hiis
642 1803 790 1842 dignetur
814 1803 983 1833 salubriter
1008 1806 1039 1832 ct
1063 1802 1212 1832 celeriter
1236 1802 1404 1842 providere
1431 1812 1466 1832 ac
1494 1802 1645 1832 mandare
1670 1801 1803 1831 Senensi
1827 1804 1859 1831 et

210 1854 403 1885 Vulterrano
434 1854 592 1894 episcopis
623 1858 653 1884 ct
685 1854 904 1884 communibus
935 1853 1117 1890 antedictis,
1149 1853 1234 1894 quod
1263 1856 1379 1884 stratas
1410 1864 1498 1887 suas,
1530 1853 1642 1893 quibus
1666 1852 1758 1882 Pisas
1788 1853 1858 1888 itur,

210 1906 358 1946 frangant
382 1908 413 1935 et
437 1905 588 1935 claudant
611 1909 643 1935 ct
669 1905 791 1935 clausas
822 1909 949 1935 teneant
979 1910 1011 1935 et
1041 1905 1141 1935 teneri
1170 1905 1303 1943 faciant,
1333 1905 1413 1934 sicut
1444 1904 1563 1934 faciunt
1587 1903 1772 1933 Florentini.
1819 1902 1859 1932 Et

168 1970 191 1987 35
211 1967 280 1987 cum
306 1957 401 1987 etiam
420 1955 620 1987 Castruccius
649 1959 680 1986 et
698 1956 803 1986 Pisani
834 1960 865 1986 ct
883 1956 1003 1986 Lucani
1032 1967 1071 1986 cx
1101 1956 1370 1986 commercatione
1400 1959 1431 1986 et
1460 1956 1700 1986 conversatione
1724 1954 1858 1984 Provin-

211 2008 336 2038 cialium
369 2012 400 2039 et
430 2008 563 2038 aliorum
598 2007 912 2038 Ultramontanorum
945 2018 1015 2038 cum
1045 2007 1169 2038 Pisanis
1202 2010 1233 2037 et
1265 2007 1402 2037 Lucanis
1436 2008 1465 2036 in
1498 2007 1624 2036 civitate
1657 2010 1688 2036 ct
1717 2005 1859 2036 districtu

210 2059 355 2090 Pisarum
380 2062 411 2089 et
435 2060 521 2090 Luce
546 2059 652 2099 ampla
676 2059 845 2089 commoda
869 2062 1114 2099 consequantur,
1139 2069 1210 2089 cum
1228 2058 1342 2099 quibus
1360 2062 1496 2089 matrem
1514 2058 1682 2089 ecclesiam
1700 2061 1731 2087 et
1748 2057 1859 2087 fideles

211 2121 283 2141 suos
307 2110 502 2151 opprimunt,
531 2111 690 2151 supplicet
714 2110 887 2150 apostolice
912 2110 1087 2147 sanctitati,
1119 2114 1276 2151 quatenus
1304 2110 1335 2140 in
1365 2110 1424 2140 hiis
1456 2108 1624 2150 providere
1657 2108 1805 2149 dignetur
1828 2112 1859 2138 et

211 2172 281 2192 cum
307 2162 434 2193 domino
458 2161 654 2192 Francorum
679 2165 711 2192 et
727 2161 870 2192 Navarre.
895 2172 971 2202 rege
997 2171 1093 2202 super
1116 2161 1176 2191 hiis
1201 2161 1347 2192 ordinare
1372 2165 1468 2202 atque
1493 2161 1662 2201 disponere
1688 2170 1726 2190 ea
1750 2164 1781 2189 et
1806 2160 1858 2198 ita7

168 2229 192 2247 40
211 2223 272 2254 que
297 2216 329 2243 et
351 2213 431 2243 sicut
455 2213 495 2244 ad
512 2213 742 2244 exaltationem
767 2223 866 2248 suam,
891 2216 1007 2243 statum
1031 2212 1173 2243 fidelium
1198 2216 1230 2243 et
1253 2212 1428 2244 infidelium
1451 2212 1689 2253 depressionem
1714 2211 1779 2241 alta
1803 2220 1859 2240 sua

211 2264 420 2304 providentia,
446 2274 541 2305 quam
563 2265 647 2295 omni
665 2274 720 2294 suc
738 2264 923 2304 cogitationi
948 2267 1129 2305 prcponunt
1148 2263 1325 2294 fidelissimi
1343 2263 1530 2302 Florentini‚
1554 2263 1678 2292 videtur
1695 2261 1857 2302 expedire7

210 2315 370 2356 infigendo
394 2315 464 2350 sibi,
489 2315 627 2356 qualiter
650 2315 709 2346 hec
734 2326 807 2346 vere
831 2320 902 2345 sunt
926 2315 967 2345 ad
991 2315 1127 2346 salutem
1144 2315 1287 2345 fidelium
1305 2318 1337 2346 et
1352 2315 1392 2345 ad
1411 2314 1659 2345 destructionem
1684 2313 1858 2343 infidelIum

211 2366 437 2406 predictorum.
483 2365 525 2396 Et
547 2366 602 2396 ubi
626 2377 721 2407 supra
745 2367 860 2397 (licitur
883 2366 922 2396 de
947 2366 1082 2404 Pisanis„
1106 2366 1229 2397 dicatur
1253 2367 1355 2396 eciam
1381 2366 1420 2397 de
1444 2366 1591 2396 Lucanis.

317 2425 403 2456 Data
425 2425 597 2463 Florentie‚
623 2426 674 2456 die
699 2426 791 2457 VIII.
815 2427 932 2456 mensis
956 2426 1147 2466 Septembr„
1172 2426 1229 2456 XI.
1253 2425 1316 2456 ind.

167 2494 191 2512 ⁴⁵
318 2485 400 2516 Item
425 2488 530 2526 portat
553 2486 622 2526 ipse
647 2485 839 2516 ambaxator
862 2485 988 2516 licteras
1006 2486 1148 2516 consueti
1165 2486 1293 2523 tenoris7
1319 2485 1405 2526 quod
1425 2485 1452 2515 ei
1471 2484 1619 2515 credatur
1644 2484 1672 2512 in
1699 2482 1856 2522 predictis.

1601 2752 1649 2776 51*
