2205 3025
144 731 168 749 10

143 988 166 1006 15

144 1244 170 1263 20

145 1502 170 1520 25

145 1767 170 1785 30

145 2021 170 2039 :35

147 2277 172 2295 40

149 2544 172 2561 <15

625 159 721 186 ACTA
742 159 853 186 REGNI
873 158 1056 185 LUDEWICI
1076 159 1121 185 IV.
1162 160 1235 186 1:330.
1272 158 1319 185 Nr.
1334 161 1390 187 tos.
1776 164 1837 191 1505

187 245 390 277 concedimus
415 249 447 277 et
471 246 626 277 donamus
650 246 818 287 privilegia
842 245 1058 286 infrascripta,
1082 246 1196 286 quibus
1221 247 1321 277 eciam
1346 247 1405 287 ipsi
1430 250 1461 277 et
1484 257 1593 277 corum
1619 247 1839 287 progenitores

187 309 227 329 ex
252 297 509 328 concessionibus
532 299 697 338 generosis
721 297 866 328 divorum
883 297 1101 328 Romanorum
1126 298 1356 338 imperatorum
1382 301 1414 328 et
1437 307 1548 338 regum
1573 297 1836 338 predecessorum

186 352 364 380 nostrorum
388 350 463 390 ipsis
488 349 579 380 factis
604 349 656 380 etb
680 349 838 379 veraciter
857 348 1025 379 didicimus
1049 359 1067 378 a
1092 352 1237 390 tempore
1262 352 1294 379 et
1313 360 1370 390 per
1390 355 1544 390 tempora,
1570 349 1684 390 quibus
1708 350 1738 380 in
1764 360 1838 380 con-

187 401 318 431 trarium
342 401 514 431 memoriac
539 410 600 431 non
625 400 742 433 existit,
767 399 921 430 hactenus
945 400 1076 440 pacifice
1100 405 1171 430 sunt
1194 401 1304 441 gavisi.

295 462 323 490 2.
358 460 507 500 Inprimis
531 459 687 500 siquidem
713 460 897 499 statuimus,
922 459 1067 490 volumus
1092 464 1123 491 et
1148 460 1330 491 ordinamus
1355 464 1387 491 et
1411 461 1454 491 sic
1479 461 1518 491 ab
1544 461 1690 492 omnibus
1714 461 1838 501 imperii

186 511 334 542 fidelibus
357 511 490 541 firmiter
513 511 631 541 servari
657 511 860 551 precipimus,
885 514 919 541 ut
943 511 1046 541 nullus
1070 511 1109 542 de
1134 511 1228 542 domo
1253 512 1401 542 conmuni
1425 513 1565 553 ipsorum
1590 513 1839 543 monetariorum

187 572 249 603 que
273 562 447 603 vulgariter
471 562 522 592 die
546 562 698 593 miinszeu
722 562 925 603 appellaturd
949 563 999 593 vel
1026 562 1065 593 de
1090 564 1187 603 ipsius
1212 563 1324 593 domus
1348 567 1533 604 supertectu
1557 563 1642 604 quod
1667 564 1840 604 vulgariter

186 613 287 644 under
310 613 367 644 der
390 614 518 644 munsze
543 613 657 644 dicitur
681 613 731 644 vel
755 613 794 644 de
819 613 913 644 domo
938 615 1090 654 singulari
1114 615 1246 645 alicuius
1271 625 1311 645 ex
1335 615 1520 646 monetariis
1544 616 1672 656 propria
1691 616 1740 646 vel
1766 626 1839 646 con-

187 664 325 695 ducticia
350 670 463 706 quame
480 664 566 695 idem
592 665 787 695 monetarius
812 665 970 695 inhabitat
994 665 1133 706 aliquem
1158 666 1231 696 illuc
1255 666 1432 706 fugientem
1457 667 1497 696 ob
1522 666 1713 697 maleficium
1738 666 1839 707 quod-

188 726 323 757 cumque
350 716 401 747 vel
431 716 575 747 debitum
604 716 655 746 vel
687 715 727 746 ob
759 716 855 746 aliam
886 727 1014 747 causam
1044 727 1278 757 quamcumque
1307 717 1464 748 violenter
1493 718 1590 748 invito
1620 717 1761 758 fugiente
1790 718 1839 748 vel

186 768 365 799 monetario
395 768 484 798 cuius
513 767 625 798 domus
656 771 704 798 est
735 767 884 798 extrahat
909 768 958 798 vel
972 768 1153 799 ‘extrahere
1179 768 1296 799 volenti
1321 772 1442 809 prestet
1470 769 1650 808 consilium,
1685 769 1839 800 auxilium

186 820 237 850 vel
262 819 405 850 favorem
430 822 484 850 aut
508 820 613 850 animo
639 819 829 850 extrahendi
854 818 999 860 predicta
1023 819 1093 849 loca
1119 823 1240 850 temere
1258 820 1455 859 ingrediatur
1478 824 1532 850 aut
1548 820 1689 861 aliquem
1713 821 1743 851 in
1766 822 1841 862 ipsis

187 870 274 901 ledat
299 874 420 902 temere
445 874 477 902 et
502 871 667 902 violenter.
715 871 775 906 Qui
801 874 909 901 contra
934 871 1089 911 premissa
1113 875 1167 901 aut
1192 871 1579 912 aliquodfpremissorum
1605 872 1747 911 fecerint,
1772 873 1841 914 qui-

187 932 323 963 cumque
354 926 408 953 aut
437 926 653 963 quotcumque
684 922 800 952 suerint
835 926 866 952 et
895 923 1016 953 tociens
1048 923 1200 963 quociens
1231 923 1378 956 fecerint,
1412 922 1545 963 quilibet
1576 923 1737 954 tenebitur
1765 923 1841 954 dare

187 973 362 1005 venerabili
387 974 519 1014 principi
543 978 651 1004 nostro
677 974 828 1014 episcopo
854 972 995 1014 Spirensi
1024 974 1077 1014 qui
1103 985 1158 1014 pro
1184 978 1329 1014 tempore
1354 973 1449 1004 fuerit
1478 974 1589 1004 decem
1619 974 1714 1005 libras
1743 975 1840 1006 dena-

188 1026 306 1056 riorum
325 1025 523 1066 Spirensium
549 1028 580 1055 et
605 1025 774 1066 unicuique
800 1035 839 1055 ex
864 1025 1048 1055 monetariis
1072 1032 1136 1055 tres
1160 1024 1256 1055 libras
1281 1025 1423 1056 eiusdem
1446 1030 1573 1056 monete
1598 1027 1724 1057 nomine
1748 1037 1841 1067 pene.

188 1077 237 1107 Ad
269 1077 357 1108 cuius
392 1077 493 1107 eciam
528 1087 609 1116 pene
644 1077 673 1106 in
709 1076 966 1117 quibuscumque
992 1077 1139 1117 capitulis
1168 1077 1248 1107 infra
1277 1081 1309 1107 et
1333 1088 1427 1117 supra
1451 1077 1575 1118 scriptis
1604 1079 1760 1108 conmisse
1785 1089 1841 1108 ex-

187 1129 346 1159 actionem
372 1131 403 1158 et
429 1128 697 1168 conquisicionem
723 1127 902 1158 faciendam
927 1137 945 1157 a
970 1127 1145 1158 rebellibus
1170 1127 1344 1168 prudentes
1368 1129 1426 1158 viri
1450 1152 1481 1158 ..
1507 1129 1652 1159 consules
1676 1129 1841 1169 Spirenses

187 1180 299 1210 fideles
324 1180 422 1210 nostri
447 1179 554 1209 dilecti
579 1190 649 1209 cum
675 1179 791 1210 effectu
820 1180 927 1209 iuvare
958 1180 1149 1210 tenebuntur
1173 1180 1323 1220 ipsosque
1355 1179 1396 1209 ad
1424 1180 1484 1210 hoc
1512 1180 1569 1210 sub
1594 1180 1756 1210 fidelitatis
1785 1191 1841 1211 sue

189 1232 321 1272 prestito
352 1231 442 1261 nobis
470 1235 701 1261 sacramentoss.
759 1231 840 1260 Item
872 1230 1018 1261 volumus
1047 1235 1078 1261 ct
1107 1241 1146 1261 ex
1175 1231 1306 1271 speciali
1335 1231 1443 1271 gracia
1475 1230 1595 1261 eisdem
1627 1231 1782 1262 donamus
1812 1236 1843 1262 et

189 1282 402 1321 concedimus,
427 1286 461 1312 ut
485 1282 588 1312 nullus
613 1282 652 1313 de
678 1282 763 1312 dicta
787 1282 882 1312 domo
907 1283 1156 1312 monetariorum
1182 1283 1328 1312 conmuni
1347 1282 1396 1312 vel
1421 1286 1604 1322 supertectu
1622 1283 1763 1313 eiusdem
1789 1288 1844 1313 aut

188 1335 228 1365 de
263 1334 358 1365 domo
389 1334 540 1375 singulari
574 1334 707 1364 alicuius
742 1344 783 1364 ex
814 1333 997 1364 domesticis
1027 1344 1084 1374 per
1112 1333 1251 1374 aliquem
1281 1333 1419 1364 iudicem
1451 1344 1506 1364 seu
1536 1335 1682 1364 nuncium
1712 1334 1843 1364 alicuius

188 1385 299 1416 iudicis
323 1396 419 1426 super
443 1385 550 1424 aliqua
574 1396 670 1415 causa
694 1384 734 1415 ad
761 1385 910 1415 iudicium
936 1386 1050 1416 citetur
1074 1396 1130 1415 seu
1155 1389 1322 1424 evocetur,
1355 1388 1559 1426 preterquam
1591 1396 1687 1425 super
1711 1385 1842 1416 ferendo

189 1438 405 1469 testimonium
430 1437 568 1468 veritati.
615 1436 656 1466 Et
680 1438 705 1466 si
730 1440 802 1467 tunc
827 1448 924 1478 super
946 1437 1054 1478 aliqua
1078 1437 1139 1467 alia
1166 1448 1261 1467 causa
1279 1438 1496 1477 impeteretur,
1522 1447 1583 1466 non
1601 1436 1697 1467 debet
1720 1437 1761 1467 ibi
1787 1437 1844 1467 ali-

191 1490 239 1520 cui
265 1489 304 1520 de
330 1489 454 1519 iusticia
480 1488 690 1529 respondere.
716 1488 772 1518 sed
799 1489 914 1528 poterit
939 1492 971 1519 et
995 1488 1126 1519 debebit
1151 1488 1312 1519 declinare
1342 1488 1444 1518 forum
1477 1494 1508 1518 et
1534 1492 1643 1528 petere
1668 1499 1701 1518 se
1726 1489 1843 1519 remitti

187 1541 228 1571 ad
252 1541 391 1571 iudicem
408 1551 508 1573 suum,
535 1539 685 1570 videlicet
709 1540 749 1570 ad
768 1541 953 1579 magistrum
971 1545 1109 1573 monete.
1136 1541 1188 1580 qui
1213 1540 1297 1570 solus
1323 1544 1354 1570 et
1378 1539 1481 1569 nullus
1498 1539 1578 1569 alius
1597 1541 1842 1570 monetariorum

187 1592 284 1622 iudex
308 1596 482 1632 conpetens
507 1598 553 1622 est
579 1595 611 1622 ct
635 1591 821 1622 ordinarius.

297 1654 325 1683 3.
360 1651 443 1681 Item
460 1651 615 1687 volumus,
642 1651 798 1681 donamus
823 1655 854 1681 et
871 1650 1075 1681 concedimus
1100 1650 1185 1691 quod
1211 1651 1269 1691 ipsi
1287 1651 1454 1680 monetarii
1471 1651 1602 1691 singulis
1619 1651 1707 1681 annis
1726 1651 1845 1691 possint

189 1703 249 1733 sibi
275 1703 395 1743 eligere
420 1706 451 1733 et
475 1702 630 1743 preficere
661 1713 757 1732 unum
787 1713 827 1733 ex
856 1703 901 1732 cis
930 1702 959 1731 in
989 1702 1176 1741 magistrum
1206 1712 1295 1731 suum
1328 1706 1358 1731 et
1390 1701 1507 1731 debent
1541 1701 1629 1731 illum
1659 1706 1844 1742 presentare

191 1754 325 1794 principi
348 1757 454 1784 nostro
480 1753 597 1784 dilecto
623 1755 774 1794 episcopo
800 1754 940 1794 Spirensi
973 1753 1025 1793 qui
1057 1764 1112 1793 pro
1138 1758 1283 1793 tempore
1309 1751 1414 1787 fuerit,
1440 1752 1645 1792 recepturus¹¹
1671 1754 1736 1783 sine
1762 1753 1843 1783 diffi-

189 1805 307 1836 cultate
331 1805 610 1835 confirmacionem
635 1815 722 1835 suam
749 1804 788 1834 ab
814 1804 939 1834 eodem.
994 1804 1076 1834 Item
1102 1803 1188 1844 quod
1213 1803 1381 1833 monetarii
1407 1814 1513 1834 coram
1538 1804 1690 1843 magistro
1716 1808 1843 1835 monete

189 1858 231 1887 sic
256 1860 290 1886 ut
315 1856 429 1886 dicitur
453 1856 556 1886 electo
581 1859 613 1886 ct
637 1855 837 1886 confirmatoi
861 1859 893 1886 ct
921 1866 982 1885 non
1013 1865 1119 1885 coram
1152 1855 1259 1896 aliquo
1291 1855 1354 1885 alio
1386 1854 1490 1885 iudice
1516 1854 1651 1885 seculari
1676 1848 1846 1885 teneantur

192 1909 240 1938 vel
266 1907 459 1937 tenebuntur
484 1906 522 1937 de
548 1917 581 1937 se
606 1907 876 1948 conquerentibus
901 1907 940 1937 dc
965 1907 1089 1937 iusticia
1115 1906 1325 1947 respondere,
1355 1907 1403 1937 cui
1433 1907 1534 1936 eciam
1560 1905 1732 1936 exercendi
1761 1906 1845 1936 ordi-

191 1960 312 1989 nariam
339 1958 590 1988 iurisdictionem
616 1958 820 1989 concedimus
844 1959 874 1988 in
900 1958 1062 1989 eosdemh.
1123 1958 1204 1989 Item
1229 1957 1375 1988 nolumus
1400 1957 1485 1998 quod
1509 1958 1539 1987 in
1564 1957 1711 1988 domibus
1736 1968 1845 1988 mone.-

192 2011 344 2040 tariorum
369 2010 419 2040 vel
443 2010 584 2050 ipsorum
609 2011 702 2040 curiis
726 2020 804 2050 quas
828 2010 1006 2040 inhabitant
1029 2009 1143 2050 aliquis
1167 2009 1264 2040 iudex
1289 2019 1346 2050 per
1370 2019 1403 2039 se
1428 2009 1476 2039 vel
1503 2020 1559 2049 per
1582 2010 1731 2039 nuncium
1755 2019 1845 2039 suum

191 2064 396 2102 preterquam
422 2061 574 2100 magister
598 2065 726 2091 monete
752 2061 801 2091 vel
834 2060 989 2091 nunciusk
1014 2061 1112 2101 ipsius
1141 2061 1222 2091 bona
1251 2061 1383 2091 alicuius
1408 2064 1543 2091 arrestet
1567 2060 1617 2090 vel
1640 2060 1736 2091 faciat
1758 2071 1845 2091 arre-

191 2113 278 2143 stari.
346 2111 428 2142 Item
454 2112 743 2152 quocienscumque
769 2112 860 2152 Spire
886 2112 1012 2142 cuditur
1036 2123 1117 2143 nova
1142 2115 1271 2143 moneta
1296 2112 1496 2142 denariorum
1522 2110 1727 2152 Spirensium,
1752 2122 1846 2152 quam

193 2164 293 2194 solam
319 2163 468 2194 videlicet
492 2167 654 2194 monetam
680 2163 882 2194 denariorum
907 2163 1104 2204 Spirensium
1129 2164 1299 2204 episcopus
1324 2163 1481 2204 Spirensis
1506 2163 1536 2192 in
1560 2163 1688 2193 civitate
1706 2163 1846 2204 Spirensi

192 2215 309 2245 cudere
334 2214 445 2253 debet,
478 2218 551 2244 tune
576 2214 660 2245 idem
687 2216 856 2255 episcopus
880 2225 974 2245 unum
1002 2225 1042 2245 ex
1067 2216 1264 2253 monetariis,
1294 2225 1355 2244 non
1384 2214 1480 2245 alium
1512 2214 1656 2254 preficiet
1684 2215 1713 2245 in
1745 2216 1846 2256 magi-

192 2270 291 2297 strum
317 2266 421 2306 operis
446 2270 589 2303 monete,
622 2267 674 2307 qui
705 2277 775 2297 eam
801 2267 997 2297 examinabit
1021 2267 1158 2297 fideliter
1189 2271 1220 2297 et
1251 2265 1408 2307 probabit.
1477 2266 1560 2296 Item
1588 2265 1731 2296 volumus
1761 2265 1846 2306 quod

193 2319 385 2358 quicumque
410 2317 605 2347 monetarius
629 2317 679 2347 vel
709 2317 788 2348 alius
813 2317 956 2358 aliquem
982 2319 1194 2349 monetarium
1219 2318 1270 2348 vcl
1295 2317 1391 2348 alium
1416 2318 1445 2348 in
1471 2317 1555 2347 dicta
1584 2317 1678 2348 domo
1702 2321 1846 2348 moneta-

192 2369 309 2399 riorum
334 2368 482 2398 conmuni
507 2368 557 2398 vel
581 2368 638 2398 sub
664 2368 844 2399 architectis
871 2369 1013 2400 eiusdem
1039 2369 1152 2400 domus
1177 2369 1409 2403 verberaverit,
1442 2369 1676 2409 cappillaverit,
1702 2369 1847 2398 vulnera·

194 2420 275 2450 verit
299 2419 349 2450 vel
373 2420 452 2450 alias
477 2419 596 2458 leserit,
622 2421 647 2450 is
671 2421 798 2451 nomine
824 2431 905 2461 pene
933 2424 1078 2451 teneatur
1103 2421 1253 2461 episcopo
1278 2420 1419 2461 Spirensi
1444 2420 1555 2451 decem
1580 2420 1676 2450 libras
1701 2420 1847 2450 denario-

193 2483 262 2502 rum
286 2471 484 2512 Spirensium
510 2476 542 2501 et
566 2471 697 2502 cuilibet
721 2482 761 2502 ex
786 2473 970 2502 monetariis
995 2476 1059 2502 tres
1084 2472 1182 2502 libras
1206 2476 1333 2502 monete
1359 2471 1550 2512 supradicte.

302 2534 330 2560 4.
367 2530 449 2561 Item
478 2531 623 2561 volumus
653 2531 739 2572 quod
767 2532 791 2561 si
822 2533 891 2572 quis
922 2533 1084 2562 convictus
1114 2543 1171 2572 per
1201 2532 1278 2562 duos
1311 2536 1409 2563 testes
1438 2531 1579 2572 ydoneos
1608 2531 1657 2561 vel
1686 2531 1756 2571 quin
1788 2531 1845 2559 im-

193 2581 323 2623 petitusI
348 2592 381 2612 se
407 2592 463 2612 suo
488 2583 666 2613 iuramento
691 2594 871 2624 expurgare
895 2583 1049 2621 noluerit,
1075 2583 1159 2624 quod
1184 2584 1383 2619 monetariis,
1413 2584 1465 2624 qui
1493 2586 1615 2613 tantum
1647 2589 1677 2612 ct
1707 2592 1768 2611 non
1793 2581 1844 2610 alii

296 2683 359 2709 708.
388 2683 411 2709 ἱΥ)
432 2685 466 2708 vsic
483 2694 532 2716 pro
552 2690 581 2710 ut
600 2695 637 2710 or.
736 2686 757 2716 θ’)
778 2687 925 2711 memoriam
945 2695 982 2710 or.
1078 2684 1102 2716 d)
1122 2686 1286 2718 appellantur
1306 2694 1341 2709 ον.
1438 2689 1459 2709 ¹²)
1480 2692 1499 2716 qv
1518 2694 1555 2708 or.
1652 2682 1670 2709 f)
1691 2683 1788 2714 aliquot
1808 2690 1844 2705 or.

195 2732 219 2753 8)
239 2728 384 2759 obligamus
398 2728 436 2751 rel
451 2728 567 2753 similiter
582 2729 732 2753 addendum
747 2734 780 2753 cst
797 2738 834 2753 or.
925 2728 949 2759 h)
969 2730 1003 2753 sic
1023 2738 1059 2753 or.
1150 2728 1167 2754 i>
1187 2729 1279 2753 eleccio
1294 2733 1317 2752 et
1331 2729 1495 2752 confirmacio
1512 2736 1547 2751 01:
1639 2725 1663 2747 k]
1684 2726 1789 2749 nuncios
1808 2733 1844 2747 or.

194 2770 211 2801 1)
233 2771 367 2803 impeditus
389 2779 425 2795 or.
