2205 3025
146 685 171 704 10

148 942 171 960 1⁵

147 1200 172 1220 20

148 1458 172 1477 25

149 1715 173 1734 30

147 2227 173 2245 41)

146 2540 176 2559 45

463 126 559 153 ACTA
578 127 690 152 REGNI
711 127 892 153 LUDEWICI
914 127 958 153 lv.
978 127 1022 153 ΕΤ
1042 127 1226 154 FRIDERICI
1246 128 1294 153 111.
1332 127 1406 153 12ῑῖ28.
1443 127 1490 153 Nr.
1504 128 1562 154 436.
1779 129 1840 159 349

191 213 434 243 auctoritatema
463 216 494 242 et
525 212 658 242 liberam
690 216 883 252 potestatem
915 224 952 243 ac
981 213 1119 254 speciale
1149 213 1348 246 mandatum.
1380 218 1473 254 prout
1501 217 1636 253 apparet
1661 224 1701 243 ex
1726 213 1841 244 oblatis

190 264 352 295 maiestati
382 267 488 294 nostre
517 264 690 294 sindicatus
720 274 829 294 eorum
858 264 992 304 publicis
1021 266 1237 296 instrumentis
1262 265 1373 305 sigillis
1397 265 1551 305 sepedicti
1576 264 1652 295 cleri
1677 268 1708 295 et
1731 265 1840 305 populi

190 315 327 346 Romani
351 315 483 355 signatis
494 315 513 351 ¹,
538 325 616 354 quas
640 314 790 355 quidemb
815 316 1064 355 supplicationes
1089 320 1120 346 et
1136 317 1303 346 instantias
1327 320 1458 357 propter
1481 319 1586 346 nostre
1604 317 1714 346 salutis
1732 319 1840 346 eterne

191 366 393 407 dispendium
418 365 603 403 noluimus⁰⁷
628 366 708 396 sicut
732 376 790 396 nec
815 366 1001 397 debuimusd
1027 378 1185 398 recusare.
1220 368 1330 398 Uude⁰
1347 367 1545 407 sepedictum
1564 367 1715 397 Iacobum
1739 368 1840 397 omnis

191 418 398 449 ecclesiastici
427 416 546 447 ordinis
574 417 778 456 prerogativa
807 417 959 447 nudatum
993 421 1025 448 et
1049 419 1154 448 officio
1179 429 1216 449 ae
1241 418 1396 449 beneficio
1421 419 1593 459 spoliatum
1626 423 1736 449 tenore
1766 428 1839 459 pre-

189 469 324 499 sentium
354 468 527 498 subicimus
555 468 707 498 secularis
731 472 908 498 nostrorum
934 470 1148 499 ministrorum
1173 469 1303 500 arbitrio
1328 471 1506 510 potestatis.
1536 469 1575 499 ab
1601 470 1748 500 omnibus
1771 470 1840 500 feu-

191 520 321 550 datariis
346 524 377 550 et
401 519 591 550 iustitiariisf
614 520 711 549 nostri
729 520 809 549 sacri
828 520 963 560 imperii⁷
987 520 1178 561 ubicumque
1197 521 1415 561 deprehensus
1433 521 1536 557 fuerit.
1561 521 1648 551 velut
1664 521 1839 552 hereticum

189 571 466 602 animadversione
491 570 601 601 debita
625 571 832 610 puniendum.

299 626 327 654 7.
366 622 576 653 Deccrnimus
600 622 729 662 insuper
752 623 943 652 auctoritate
969 633 1030 663 qua
1054 633 1149 662 supra
1174 633 1284 653 omnes
1309 626 1438 652 vocatas
1463 624 1636 653 sententias
1655 627 1709 653 aut
1726 623 1841 656 edicta.

193 678 301 705 cetera
325 684 451 715 quoque
469 674 676 714 pronunciata
694 673 744 703 vel
761 673 1001 714 pronuncianda
1017 684 1163 704 sermone
1181 674 1231 703 vel
1249 674 1365 714 scripto
1382 685 1440 713 per
1456 674 1671 714 supradictum
1689 675 1841 705 Iacobum

192 726 231 757 de
257 725 393 756 Caturco
419 730 474 755 aut
498 725 565 755 cius
590 725 772 764 complices,
797 725 932 765 legatos,
957 724 1111 754 officiales
1135 726 1200 755 sive
1225 725 1384 754 ministros
1408 725 1558 755 advorsus
1583 729 1706 756 nostros
1729 726 1842 756 fideles

191 789 247 809 seu
271 777 361 808 nobis
382 776 584 808 adherentes,
609 776 778 816 principes.
805 776 1059 813 communitates,
1085 776 1219 815 collegia
1245 779 1278 806 et
1301 776 1477 816 singulares
1502 787 1653 816 personas
1677 781 1839 818 tamquam

190 840 248 870 per
278 829 455 859 hereticum
485 831 517 858 et
547 827 612 858 lese
644 827 821 857 maiestatis
850 828 980 857 crimine
1011 827 1217 867 dampnatum
1243 830 1297 856 aut
1326 827 1459 857 heretici
1483 834 1557 857 seu²
1583 828 1745 868 dampnati
1771 828 1839 858 fau-

191 885 277 911 tores
301 880 382 910 latas
406 879 457 910 vel
487 878 636 909 ferendas
661 879 837 918 harumque
863 883 927 908 tam
956 878 1091 908 latarum
1117 888 1210 918 quam
1236 878 1438 907 ferendarum
1464 879 1592 908 minime
1617 880 1840 909 auctoritatem

191 932 347 963 habentes
377 931 480 961 nullas
510 930 622 969 fuisse,
654 930 756 960 nullas
785 940 854 960 esse.
883 930 1049 970 nullasque
1081 929 1202 959 futuras
1232 929 1414 969 nullamque
1443 931 1598 959 sententie
1630 934 1684 960 aut
1711 930 1841 960 alterius

190 984 298 1023 scripti
323 982 373 1012 vel
398 982 472 1012 dicti
498 992 693 1022 quemquam
719 981 891 1021 obligantis
915 981 1063 1011 habuisse
1089 981 1138 1011 vel
1162 980 1281 1010 habere
1307 984 1361 1010 aut
1385 980 1548 1010 habituras
1572 980 1639 1010 fore
1658 982 1805 1011 virtutem
1824 992 1842 1010 a

191 1040 336 1075 tempore
361 1045 423 1075 quo
449 1034 550 1064 dictus
567 1033 703 1063 Iacobus
728 1034 757 1062 in
775 1033 911 1063 alterum
929 1033 1094 1062 criminum
1113 1032 1327 1072 predictorum
1347 1032 1485 1061 noscitur
1502 1032 1658 1061 incidisse.
1690 1032 1842 1062 Volentes

190 1097 329 1123 rursum.
362 1088 455 1126 prout
480 1086 537 1115 viis
566 1085 641 1115 iuris
672 1084 838 1124 dirigimur
869 1088 900 1114 et
929 1085 1086 1124 cogimur.
1119 1083 1157 1113 de
1186 1086 1313 1123 pastore
1339 1083 1495 1112 catholico
1521 1083 1590 1112 huic
1617 1083 1693 1112 Urbi
1719 1087 1750 1113 et
1774 1083 1842 1113 orbi

190 1149 253 1168 una
277 1148 347 1168 cum
373 1137 459 1167 clero
484 1140 515 1167 et
545 1137 662 1177 populo
688 1136 833 1166 Romano
860 1137 943 1165 onmi
970 1146 1057 1165 more
1088 1136 1247 1175 superflue
1277 1134 1429 1164 dilatione.
1459 1135 1635 1174 postposita
1663 1133 1841 1174 providere.

193 1188 464 1231 quemadmodum
495 1188 584 1218 nobis
615 1188 654 1218 dc
684 1189 751 1218 iuro
781 1192 966 1227 competere
996 1187 1138 1227 plenarie
1168 1185 1455 1216 demonstravimus
1486 1186 1516 1215 in
1548 1185 1716 1225 promissis.
1764 1185 1842 1214 Pre-

193 1242 292 1271 fatum
323 1240 418 1270 vei-0¹¹
448 1240 600 1269 Iacobum
633 1243 795 1280 tamquam
827 1240 855 1269 in
889 1239 993 1268 heresi
1025 1238 1147 1268 notorie
1179 1237 1416 1278 deprehensum
1446 1237 1637 1277 precipimus
1667 1236 1723 1265 sub
1754 1236 1843 1276 penis

190 1292 399 1332 infrascriptis
422 1302 440 1322 a
465 1291 652 1321 christicolis
682 1290 827 1321 omnibus
857 1289 1119 1320 ithcusabiliter
1143 1289 1264 1319 evitari.
1313 1288 1344 1318 Si
1375 1289 1426 1329 qui
1452 1291 1558 1318 autem
1586 1288 1735 1327 deinceps
1759 1287 1843 1327 quod

191 1344 273 1374 absit
300 1343 341 1374 ad
369 1344 471 1383 ipsum
497 1343 540 1373 sic
570 1343 778 1383 dampnatum
810 1343 934 1377 favore.
968 1341 1099 1371 consilio
1125 1341 1175 1370 rel
1205 1340 1337 1370 auxilio.
1369 1339 1559 1369 credulitate
1585 1338 1634 1369 vel
1663 1338 1844 1369 obediontia

192 1396 434 1427 declinaverint.
466 1404 576 1424 omnes
604 1395 684 1424 tales
714 1395 929 1434 cuiuscumpie
960 1393 1150 1423 conditionis
1180 1393 1318 1422 existant
1347 1395 1410 1421 tam
1441 1391 1581 1431 prelatos
1611 1390 1844 1420 ecclesiasticos

192 1458 287 1488 quam
316 1447 475 1487 principes
503 1445 674 1483 seculares,
706 1445 852 1480 barones.
883 1445 1004 1475 nobiles
1032 1448 1063 1474 et
1089 1444 1269 1485 ignobilesi,
1299 1453 1488 1483 quoeunque
1518 1443 1644 1472 nomine
1673 1452 1728 1471 seu
1753 1442 1842 1471 titulo

191 1501 391 1535 censeantur.
421 1498 472 1539 qui
503 1498 543 1528 al>
574 1497 754 1528 huiusmodi
787 1497 987 1527 (wsmtumavia
1018 1497 1097 1526 iufra
1127 1497 1217 1526 unius
1246 1496 1363 1525 mensis
1392 1495 1533 1534 spacium
1565 1493 1669 1533 quoad
1698 1493 1842 1523 Italicosk

192 1550 236 1581 etl
262 1550 342 1580 infra
366 1550 503 1590 spatium
514 1549 527 1567 ¹¹
552 1549 684 1579 duorum
703 1548 874 1578 mensium¹
893 1548 997 1588 quoad
1016 1548 1096 1577 alios
1113 1551 1220 1577 nostro
1239 1546 1398 1576 subie‹1·tos
1416 1546 1576 1586 imperioM
1593 1555 1611 1574 a
1628 1545 1842 1585 publicatione

192 1602 388 1642 presentium
419 1601 669 1641 contempserint
698 1605 880 1637 revocare¹¹.
911 1599 1087 1639 privatione
1113 1599 1252 1629 omnium
1279 1597 1461 1628 feudorum.
1493 1607 1554 1637 quc
1579 1608 1597 1626 a
1621 1607 1710 1626 sacro
1735 1599 1844 1626 tenent

192 1653 343 1693 imperio.
378 1663 511 1692 quorum
542 1662 605 1682 una
635 1651 792 1682 medietas
830 1650 987 1691 imperiali
1019 1651 1108 1687 fisco.
1142 1650 1264 1690 reliqua
1297 1660 1372 1679 vcro
1403 1658 1530 1678 camere
1561 1648 1647 1677 urhis
1680 1647 1844 1677 Romane*

193 1704 415 1745 applicabitur,
444 1708 550 1733 nostra
581 1704 720 1743 presenti
751 1703 908 1733 sententia
937 1702 1209 1742 condempnemus
1233 1711 1396 1742 penas-qne
1421 1700 1660 1740 p1·‹.›scriptionis
1684 1709 1787 1729 rerum
1814 1702 1845 1728 et

194 1766 400 1797 personarum
426 1756 596 1796 infligimus
621 1766 678 1796 per
702 1758 876 1795 presentes.
925 1754 1045 1784 Omnes
1069 1753 1292 1783 nichilominus
1309 1751 1484 1782 libertates.
1510 1751 1725 1781 immunitates
1748 1754 1844 1790 atque

193 1807 360 1848 privilegia
385 1817 441 1847 per
465 1817 521 1837 nos
546 1810 600 1837 aut
629 1806 874 1846 predecessores
904 1809 1028 1835 nostros
1051 1805 1128 1845 ipsis
1152 1815 1300 1834 concessa
1328 1809 1489 1833 cassantes
1514 1806 1624 1831 tenore
1651 1802 1843 1842 presentium

192 1869 387 1889 revocamus.

301 1911 329 1941 ὃ.
366 1909 417 1939 Α(1
448 1908 628 1939 huiusmodi
659 1912 766 1938 autem
798 1908 896 1937 nostri
927 1907 1100 1947 imperialis
1126 1906 1221 1936 edicti
1246 1907 1311 1936 sive
1336 1916 1503 1945 processus
1528 1904 1749 1934 executionem
1775 1902 1843 1932 efti-

164 1971 172 1987 ’π
194 1972 301 1992 cacem
327 1961 384 1991 sul)
410 1972 492 2001 pena
517 1961 701 2001 privationis
726 1970 830 1989 rerum
856 1963 887 1989 et
912 1969 1119 1999 personarum
1146 1968 1265 1988 necnon
1292 1961 1324 1987 et
1347 1957 1404 1986 sul)
1430 1966 1512 1996 pena.
1536 1955 1664 1985 infamio
1689 1958 1843 1995 perpetue

191 2013 354 2043 universos
378 2016 502 2042 nostros
527 2011 725 2042 feudatarios
742 2022 779 2041 ac
796 2011 980 2040 iustitiarios
997 2010 1095 2039 nostri
1120 2010 1201 2039 sacri
1226 2009 1351 2048 imperii
1375 2019 1393 2038 a.
1417 2007 1631 2048 publicatione
1649 2006 1843 2046 presentium

192 2064 272 2094 iufra
296 2075 439 2094 mensem
462 2063 569 2104 quoad
594 2063 723 2093 Italicos
748 2067 779 2092 et
804 2063 884 2092 infra
910 2062 988 2092 duos
1014 2071 1140 2091 menses
1165 2060 1270 2101 quoad
1295 2060 1374 2090 alios
1398 2063 1504 2089 nostro
1529 2058 1688 2088 subiectos
1712 2058 1844 2097 imperio

193 2116 347 2150 volumus.
366 2115 567 2146 decernimus
585 2118 616 2145 et
633 2115 800 2144 statuimus
818 2113 1072 2144 irrevocabiliter
1089 2112 1234 2152 obligari.
1308 2111 1358 2141 Ad
1376 2120 1509 2151 quorum
1529 2109 1667 2139 omnium
1685 2109 1844 2145 noticiam,

193 2168 407 2197 testimonium
437 2170 532 2207 atque
564 2166 661 2196 fidem
693 2169 876 2206 presentem
910 2174 1095 2205 processum
1127 2163 1282 2194 conscribi
1315 2162 1516 2202 precepinms
1547 2164 1577 2190 et
1606 2161 1708 2200 ipsum
1740 2164 1844 2189 nostre

192 2218 366 2258 imperialis
389 2218 566 2248 maiestatis
590 2217 677 2247 bulla
701 2227 798 2247 aurea
823 2217 977 2257 signoque
1002 2220 1109 2245 nostro
1134 2214 1293 2254 imperiali
1315 2217 1467 2244 consueto
1486 2213 1632 2242 iussimus
1649 2211 1844 2241 communiri.

193 2271 242 2300 cui
267 2271 362 2300 ctiam
388 2275 438 2299 etp
462 2269 502 2299 ad
527 2270 605 2299 fines
630 2268 791 2309 predictos
815 2267 919 2307 sigilla
944 2267 1019 2297 cleri
1045 2270 1076 2296 et
1100 2266 1209 2307 populi
1233 2265 1369 2296 Romani
1395 2268 1466 2294 sunt
1490 2264 1646 2304 apposita.

301 2321 488 2351 Publicatus
513 2324 562 2351 est
585 2324 692 2351 autem
718 2321 798 2350 isteq
823 2329 990 2359 processus
1015 2329 1121 2348 coram
1148 2318 1231 2348 clero
1258 2320 1289 2347 et
1313 2316 1432 2357 populo
1457 2315 1613 2347 Romano.
1643 2312 1842 2354 presentilms

193 2372 328 2403 testibus
355 2372 564 2413 infrascriptis
591 2371 631 2402 ad
663 2372 721 2401 hoc
746 2371 930 2411 specialiter
953 2370 1085 2401 voeatis.
1110 2369 1261 2399 videlicet
1290 2367 1499 2408 principibusr
1528 2370 1592 2396 tam
1622 2364 1844 2395 ecclesiasticis

195 2434 290 2465 quam
319 2423 526 2461 secularibus⁷
557 2421 839 2464 archiepiscopish.
872 2422 1040 2462 episcopis,
1069 2420 1249 2451 abbatibus.
1283 2419 1425 2457 (lucibus,
1452 2417 1629 2448 comitibus,
1661 2414 1841 2445 baronibus.

297 2534 363 2561 436.
394 2536 418 2566 ²¹)
437 2536 613 2560 iun-dictionem
633 2534 657 2559 2.
733 2533 757 2565 b)
778 2534 901 2566 siquidem
920 2532 944 2557 ἱ).
963 2532 987 2557 4.
1059 2532 1081 2561 c)
1101 2532 1220 2555 nolumus
1239 2531 1262 2555 4.
1335 2530 1358 2560 d)
1378 2531 1500 2554 debemus
1518 2528 1541 2552 4.
1612 2532 1633 2553 0]
1654 2532 1677 2551 et
1697 2526 1757 2549 add.
1778 2524 1800 2549 3.
1820 2524 1842 2548 4,

193 2578 212 2609 f)
234 2584 348 2604 notatum
371 2580 497 2603 sententia
520 2579 582 2602 add.
602 2578 626 2602 4.
721 2580 746 2607 S)
766 2577 834 2601 deest
854 2577 880 2602 1⁴,
904 2577 958 2600 sive
977 2575 1004 2603 4;
1028 2576 1065 2599 sic
1084 2575 1146 2599 add.
1166 2573 1241 2598 ‘2—4.
1339 2572 1364 2604 ¹¹)
1389 2574 1455 2597 dees(
1474 2572 1497 2597 3.
1594 2570 1610 2595 ii
1636 2575 1659 2594 et
1679 2571 1731 2601 ign.
1750 2568 1800 2592 (lev.
1820 2568 1842 2591 3.

195 2620 221 2653 k)
242 2622 331 2646 Ytalos
352 2622 373 2646 1.
462 2620 480 2652 1)
499 2626 524 2646 et
539 2634 567 2638 —
583 2621 708 2645 mensium
733 2620 784 2644 des.
799 2619 822 2644 4.
911 2620 942 2649 m)
966 2619 1024 2649 imp.
1044 2618 1100 2642 sub.
1115 2616 1142 2646 33
1167 2618 1231 2641 intra
1255 2617 1366 2648 spatium
1391 2616 1497 2639 duorum
1522 2614 1646 2637 mensium
1667 2612 1739 2642 poni!
1762 2611 1800 2633 ἱείς
1819 2609 1844 2633 4.

193 2664 219 2694 ὓ)
240 2664 352 2689 revocari
371 2663 445 2688 2-4.
536 2666 559 2693 0)
578 2664 655 2688 Rome
676 2662 698 2687 1.
788 2663 810 2692 P)
831 2662 907 2686 etiam
927 2666 951 2686 et
971 2661 1021 2685 cles.
1040 2659 1065 2684 4.
1154 2660 1178 2689 (1)
1198 2668 1300 2691 presens
1319 2659 1343 2683 4.
1432 2662 1452 2683 r)
1471 2657 1537 2681 dees!
1556 2655 1579 2680 4.

298 2733 322 2763 1)
340 2731 464 2756 Serv-atae
482 2738 537 2755 non.
557 2733 628 2755 suut.
