2205 3025
156 715 181 733 10

156 973 180 991 15

153 1228 181 1248 20

154 1495 178 1514 25

155 1753 181 1771 30

156 2268 168 2286 4
171 2270 183 2285 u

152 2526 179 2543 45

642 154 739 180 ACTA
759 154 871 180 REGNI
891 154 1074 181 LUDEWICI
1094 155 1139 180 IV.
1179 155 1252 181 1330.
1290 155 1336 181 Nr.
1350 156 1409 181 685.
1791 158 1852 188 553

202 243 269 272 iura
298 242 427 282 insuper
455 244 486 271 et
515 235 599 271 bona
627 241 753 281 imperii
784 240 989 271 dilacerando
1020 242 1182 277 continue,
1213 241 1326 272 fideles
1355 246 1386 272 et
1415 241 1547 272 devotos
1577 241 1712 272 ecclesie
1742 252 1851 282 perse-

200 292 328 334 quendo
353 292 525 323 crudeliter
549 296 581 323 et
605 296 757 333 quantum
783 292 812 322 in
835 303 873 323 eo
892 292 951 322 fuit
975 292 1014 322 de
1031 292 1093 322 illis
1110 293 1252 333 partibus
1270 292 1452 333 effugando.
1498 292 1539 322 Et
1556 292 1684 323 demum
1710 294 1851 334 nequitie

199 354 256 374 sue
280 345 365 375 virus
389 347 578 384 conceptum
605 354 756 374 evomens
780 343 821 373 ad
845 343 1095 374 subvertendum
1121 355 1249 384 prorsus
1272 344 1368 374 fidem
1387 344 1577 374 catholicam
1596 348 1628 374 et
1644 344 1852 375 scindendum

200 395 393 426 dominicam
417 395 640 426 inconsutilem
666 395 824 425 tunicam¹
854 395 885 425 in
911 395 1016 425 divine
1040 396 1218 426 maiestatis
1243 395 1449 436 opprobrium
1474 396 1635 436 totiusque
1660 399 1749 426 cetus
1772 396 1851 426 fide-

201 446 277 476 lium
312 447 513 486 scandalum,
548 446 726 488 periculum
761 450 793 476 ct
827 449 1066 486 contemptum,
1104 447 1291 477 execrandis
1326 446 1518 477 factionibus
1552 447 1638 477 velut
1673 447 1852 478 membrum

200 497 333 528 sathane
367 508 400 528 se
436 497 622 538 disponens,
651 498 823 528 assotiatus
851 497 910 527 sibi
936 497 1127 538 quibusdam
1157 499 1222 528 suis
1252 509 1391 539 nequam
1420 498 1629 538 complicibus
1653 498 1786 529 Petrum
1812 498 1851 529 de

203 548 357 579 Coi-varia
380 549 481 578 virum
512 550 622 589 utique
651 548 876 579 scandalosum
901 551 933 578 et
956 548 1128 589 perfidum,
1159 549 1212 590 qui
1237 550 1311 579 olim
1337 549 1467 579 dimissa
1491 559 1591 579 uxore
1616 559 1672 579 sua
1696 549 1851 590 legitima,

200 601 250 630 cui
280 600 424 640 pluribus
455 601 544 630 annis
573 603 637 630 tam
662 600 693 630 in
718 600 801 630 lecto
827 610 923 640 quam
948 601 977 630 in
1003 611 1113 630 mensa
1138 600 1392 637 cohabitaverat,
1421 600 1554 631 fratrum
1579 600 1737 631 Minorum
1763 611 1851 631 assu-

199 661 289 682 mens
315 654 422 692 preter
444 652 552 681 uxoris
577 651 721 681 eiusdem
747 661 936 682 consensum
961 651 1106 682 habitum
1131 655 1163 682 et
1186 662 1242 692 pro
1268 652 1366 682 fratre
1390 651 1512 682 Minore
1537 662 1570 681 sc
1595 662 1710 692 gerens
1734 653 1851 692 quique

200 703 343 733 ministro
368 713 424 733 suo
449 703 635 744 provinciali
658 702 803 733 Romano
828 702 1015 733 inobediens
1040 713 1097 743 per
1120 704 1224 743 ipsum
1250 703 1308 733 fuit
1332 703 1554 743 pronuntiatus
1578 703 1608 732 in
1633 704 1851 733 excommuni-

199 754 332 784 cationis
356 753 503 784 incidisse
527 755 718 785 sententiam
744 757 776 784 et
799 754 1030 794 mancipandus
1054 755 1184 788 carceri,
1211 755 1240 784 in
1264 755 1449 795 antipapam
1475 755 1655 795 assumpsit,
1678 764 1851 795 procurans

199 805 411 846 quoddictus
434 805 551 836 Petrus
579 806 623 835 sic
652 805 811 835 delusorie
844 808 876 835 et
905 805 1154 845 dampnabiliter
1184 806 1214 835 in
1239 806 1424 846 antipapam
1449 809 1631 845 assumptus
1656 805 1852 845 pseudocar-

200 856 322 887 dinales
347 860 379 887 et
401 857 543 887 notarios
567 867 604 886 ac
629 857 782 887 officiales
806 857 886 887 alios
910 857 998 887 iuxta
1023 868 1159 891 morem,
1190 868 1284 897 quem
1314 861 1420 887 servat
1443 857 1590 887 Romana
1614 857 1710 895 curia,
1735 858 1851 888 consti-

199 912 318 947 tueret,
349 908 476 948 aliaque
506 908 657 938 nonnulla
688 912 890 948 presumeret
919 909 1039 938 cunctis
1068 909 1233 939 catholicis
1263 908 1462 939 detestanda.
1510 908 1713 949 Synagogam
1743 912 1850 939 autem

199 959 381 990 huiusmodi
411 959 522 989 diebus
551 964 780 1000 congregatam
811 959 970 1000 aliquibus
995 960 1144 990 virtutum
1171 960 1328 990 Dominus
1352 960 1601 990 misericorditer
1631 960 1734 990 subito
1760 960 1851 990 dissi-

198 1012 288 1052 pavit
312 1020 432 1051 nosque
462 1011 568 1041 onmia
598 1021 655 1051 per
685 1011 815 1041 cosdem
842 1011 1040 1042 Ludovicum
1071 1016 1102 1042 et
1126 1012 1259 1042 Petrum
1289 1015 1481 1051 attemptata
1510 1012 1593 1041 circa
1623 1012 1777 1052 premissa
1800 1012 1851 1042 vel

199 1063 429 1103 premissorum
454 1062 621 1092 occasione
646 1063 694 1092 vel
720 1062 907 1093 corumdem
933 1063 1041 1103 aliqua
1065 1063 1105 1093 de
1130 1063 1263 1093 fratrum
1288 1063 1463 1093 eorundem
1488 1063 1620 1093 consilio
1641 1063 1736 1099 nulla,
1763 1073 1852 1093 cassa

200 1117 233 1144 et
256 1114 345 1144 irrita
369 1114 484 1144 merito
510 1113 658 1143 duximus
684 1113 890 1149 declaranda,
915 1114 1075 1154 prefatum
1100 1114 1300 1145 Ludovicum
1329 1118 1393 1145 tam
1419 1125 1459 1144 ex
1484 1114 1636 1154 predictis
1661 1125 1757 1155 quam
1781 1114 1852 1144 aliis

199 1164 332 1195 diversis
362 1164 510 1205 capitulis
540 1164 648 1195 nmltis
677 1175 857 1205 respersum
888 1165 1055 1196 heresibus
1079 1169 1230 1206 tanquam
1255 1166 1431 1196 hereticum
1457 1169 1488 1195 et
1512 1166 1726 1196 scismaticum
1751 1165 1851 1196 mani-

198 1216 314 1247 festum
340 1217 379 1247 de
404 1216 508 1247 heresi
533 1220 565 1247 et
589 1217 738 1247 scismate
764 1216 803 1247 de
828 1217 960 1247 fratrum
979 1220 1158 1248 nostrorum
1176 1217 1308 1247 consilio
1325 1217 1548 1247 nichilominus
1569 1217 1852 1257 condempnantes,

198 1269 351 1299 adversus
382 1278 454 1299 eum
485 1278 585 1308 penas
609 1268 782 1309 infligendo
808 1269 911 1298 varias
939 1272 971 1298 ct
1001 1269 1096 1299 ctiam
1123 1268 1317 1298 declarando
1342 1269 1492 1298 incurissc
1518 1269 1652 1298 inflictas
1676 1271 1708 1298 et
1731 1268 1851 1298 conmi-

197 1324 303 1357 natas,
328 1320 410 1350 sicut
434 1321 464 1350 in
490 1319 622 1350 divorsis
647 1319 849 1360 processibus
874 1321 988 1350 nostris
1017 1330 1114 1360 snper
1138 1320 1290 1360 predictis
1314 1319 1353 1350 de
1380 1319 1594 1360 predictorum
1621 1319 1753 1349 fratrum
1777 1329 1852 1349 con-

197 1371 267 1402 silio
291 1372 464 1403 solenniter
488 1371 605 1402 habitis
630 1372 754 1412 plenius
778 1372 988 1402 continetur?

307 1433 334 1462 3.
370 1430 454 1462 Sane
484 1432 559 1472 quia
589 1431 753 1472 fidedigna
785 1432 957 1462 multorum
990 1431 1104 1461 relatio
1135 1431 1176 1462 ad
1206 1434 1347 1461 nostrum
1377 1432 1502 1461 noviter
1526 1430 1675 1471 perduxit
1699 1430 1852 1464 auditum,

199 1483 285 1524 quod
313 1482 398 1514 idem
423 1482 606 1513 Ludovicus
637 1483 776 1513 nondum
806 1483 835 1513 in
864 1493 901 1513 eo
933 1484 1006 1523 igne
1036 1483 1173 1513 avaricie
1206 1486 1237 1513 et
1266 1482 1449 1513 ambitionis
1474 1483 1629 1517 extincto,
1660 1482 1717 1512 scd
1748 1482 1853 1522 pot-ius

197 1535 275 1565 flatu
301 1534 470 1575 dyabolico
496 1535 692 1565 inflammato
717 1535 757 1565 ad
781 1535 943 1565 civitatem
969 1546 1002 1563 sc
1027 1535 1207 1565 contulerat
1223 1534 1454 1571 Tridentinam,
1479 1533 1531 1563 ubi
1557 1534 1620 1564 suis
1644 1532 1853 1574 complicibus

199 1586 381 1616 convocatis
412 1587 529 1626 satagit
565 1586 727 1621 ordinare,
760 1585 845 1626 quod
881 1587 961 1615 sicut
996 1587 1026 1616 in
1062 1586 1205 1626 partibus
1237 1586 1330 1616 Italie
1367 1585 1557 1626 supradictis
1588 1586 1655 1615 iura
1689 1584 1854 1624 usurpavit

199 1637 339 1678 imperii,
370 1637 483 1667 fideles
513 1637 653 1668 turbavit
684 1647 858 1678 corumque
886 1637 1051 1667 devoravit
1080 1637 1273 1667 substantias
1303 1642 1334 1667 et
1358 1638 1567 1677 consumpsit,
1597 1637 1640 1666 sic
1665 1640 1697 1666 ct
1720 1636 1751 1665 in
1775 1636 1852 1665 Ala-

199 1689 325 1719 mannie
350 1688 493 1729 partibus
518 1688 755 1729 dampnandum
782 1690 810 1718 in
841 1689 899 1719 hac
925 1692 1015 1729 partc
1040 1699 1131 1718 =suum
1158 1688 1352 1718 desiderium
1377 1688 1482 1718 valeat
1506 1688 1683 1728 adimplere
1707 1697 1743 1717 ac
1768 1687 1852 1717 vica-

200 1741 278 1779 rios,
314 1740 468 1770 officiales
502 1744 533 1771 et
561 1741 721 1770 ministros
749 1751 822 1770 suos
853 1740 894 1770 ad
923 1740 1053 1770 easdem
1082 1742 1190 1779 partes
1222 1739 1412 1769 Alamannie
1443 1739 1599 1779 disposuit
1627 1742 1759 1778 propter
1794 1737 1853 1767 hoc

199 1792 391 1829 destina1·e³‚
427 1802 484 1821 nos
515 1792 610 1822 tantis
642 1791 733 1822 malis
765 1795 797 1821 ct
829 1791 978 1832 periculis
1012 1791 1100 1821 iustis
1133 1791 1262 1820 obviare
1296 1790 1447 1820 remediis
1481 1790 1660 1830 cupientes,
1692 1782 1853 1830 prefatum

201 1843 426 1882 L(udovicu1n)
452 1853 510 1883 per
533 1843 593 1873 hoc
618 1842 757 1873 edictum
782 1846 925 1872 nostrum
951 1842 1124 1882 publicum,
1149 1851 1221 1871 cum
1245 1841 1285 1871 ad
1310 1851 1382 1871 eum
1409 1852 1464 1882 pro
1490 1840 1644 1871 faciendis
1667 1841 1727 1870 sibi
1751 1840 1852 1870 moni-

199 1894 337 1924 tionibus
362 1898 393 1924 et
416 1893 655 1924 inhibitionibus
679 1893 859 1924 huiusmodi
884 1904 944 1923 non
970 1894 1009 1923 sit
1033 1896 1118 1923 tutus
1142 1903 1288 1923 accessus
1312 1903 1465 1933 moraque
1490 1893 1631 1933 pericula
1654 1892 1743 1922 varia
1767 1901 1853 1921 com-

200 1946 349 1979 minetur,
375 1948 524 1986 presente
548 1945 608 1975 hac
632 1944 835 1975 multitudine
861 1945 990 1985 copiosa
1014 1944 1156 1974 fidelium
1180 1954 1347 1974 monemus
1372 1947 1404 1974 et
1428 1944 1533 1974 eidem
1559 1943 1616 1974 sub
1634 1943 1854 1974 excommuni-

170 2011 179 2027 ν»
199 1998 333 2028 cationis
361 2007 444 2037 pena
474 2006 597 2027 necnon
627 1996 684 2026 sub
716 1997 805 2036 penis
836 1996 906 2026 aliis
934 1999 999 2026 tam
1029 1995 1245 2036 spiritualibus
1269 2006 1364 2036 quani
1394 1995 1626 2035 temporalibus
1654 1995 1685 2024 in
1715 1993 1853 2025 eundem

199 2048 324 2078 inflictis
348 2048 517 2085 hactenus,
549 2057 627 2088 quas
652 2058 708 2088 pro
734 2047 879 2087 repetitis
903 2046 1023 2077 habere
1048 2047 1194 2077 volumus
1218 2046 1396 2087 quibusque
1421 2047 1525 2086 ipsum
1549 2046 1716 2076 subiacere
1741 2044 1853 2075 decer-

198 2100 301 2129 nimus
329 2099 355 2129 si
384 2099 577 2129 contrarium
609 2098 721 2129 feccrit
755 2099 822 2138 ipso
852 2097 951 2137 facto,
980 2097 1159 2128 inhibemus
1188 2102 1219 2128 et
1249 2097 1437 2128 mandamus
1461 2108 1628 2139 expresse,
1658 2108 1697 2127 ne
1721 2096 1854 2127 ulterius

199 2150 239 2181 de
264 2150 539 2181 administratione
564 2151 653 2190 regni
671 2150 835 2188 Romanfi)
854 2149 904 2180 vel
928 2150 1054 2190 imperii
1079 2160 1112 2180 se
1131 2149 1374 2190 quomodolibet
1397 2149 1587 2179 intromittat
1610 2159 1668 2179 nec
1693 2158 1726 2178 se
1744 2157 1855 2188 regem

202 2201 254 2233 vel
278 2203 504 2243 imperatorem
530 2203 674 2232 nominet
705 2211 763 2231 nec
794 2201 835 2231 ab
865 2200 935 2231 aliis
964 2201 1062 2231 faciat
1091 2205 1245 2241 quantum
1274 2201 1304 2231 in
1334 2212 1372 2231 eo
1401 2200 1495 2231 fuerit
1523 2201 1680 2230 nominari
1708 2210 1766 2229 nec
1795 2198 1853 2229 sub

202 2254 330 2284 nomine
355 2253 538 2284 huiusmodi
561 2253 611 2284 vel
636 2253 698 2283 alio
723 2263 925 2293 quocumque
950 2263 1007 2293 pro
1032 2252 1189 2283 dictorum
1213 2252 1303 2293 regni
1334 2256 1365 2283 et
1395 2252 1518 2292 imperii
1550 2251 1687 2291 negotiis
1711 2250 1750 2281 ad
1775 2250 1852 2281 Ala-

199 2305 327 2335 mannie
351 2305 402 2335 vel
427 2304 468 2335 ad
498 2304 623 2345 aliquas
652 2308 761 2344 partes
790 2304 868 2334 alias
898 2303 1037 2344 aliquem
1067 2304 1117 2334 vel
1146 2303 1270 2344 aliquos
1300 2303 1460 2334 destinare
1492 2305 1655 2344 presumat
1686 2312 1743 2333 nec
1768 2303 1853 2332 vica-

200 2357 298 2386 riatus
338 2361 393 2387 aut
436 2356 499 2386 alia
538 2366 740 2397 quecumque
779 2355 885 2385 officia
927 2355 1089 2395 quibusvis
1127 2355 1306 2385 nominibus
1344 2358 1566 2395 nuncupentur
1604 2353 1760 2384 concedat
1798 2363 1853 2383 seu

200 2408 379 2438 committat
403 2408 497 2438 alicui
522 2407 572 2438 vel
596 2407 755 2448 aliquibus
787 2417 844 2437 nce
870 2407 966 2436 etiam
996 2407 1026 2436 in
1056 2406 1118 2436 illis
1142 2407 1193 2437 vel
1217 2407 1287 2436 aliis
1311 2406 1454 2447 partibus
1483 2407 1550 2436 iura
1575 2405 1624 2436 vel
1653 2405 1736 2436 bona
1763 2404 1852 2444 regni

200 2469 256 2489 seu
281 2459 407 2498 imperii
431 2458 675 2500 quomodolibet
705 2461 840 2498 occupet
868 2468 924 2487 seu
949 2460 1124 2498 pertractet
1147 2458 1325 2498 fidelesque
1349 2469 1411 2488 non
1440 2457 1545 2488 turbet
1572 2457 1707 2487 ecclesie
1737 2459 1768 2486 et
1796 2456 1853 2485 im-

199 2510 279 2550 perii
303 2514 358 2540 aut
382 2511 540 2541 molestet.

308 2573 336 2600 4.
372 2569 537 2600 Universis
561 2569 785 2600 nichilominus
810 2573 842 2599 et
865 2569 996 2609 singulis
1021 2569 1152 2609 prelatis
1177 2579 1213 2599 ac
1231 2570 1374 2610 personis
1400 2569 1633 2603 ecclesiasticis,
1658 2566 1851 2597 secularibus

201 2624 232 2651 ct
256 2621 423 2661 religiosis,
449 2622 674 2661 cuiuscumque
699 2621 921 2661 preminentie,
947 2620 1120 2661 dignitatis,
1146 2620 1273 2658 ordinis,
1299 2624 1398 2650 status
1416 2621 1467 2650 vel
1492 2620 1681 2650 conditionis¹
1705 2618 1850 2652 existant,

198 2673 325 2703 etiamsi
358 2672 575 2712 patriarchali,
605 2672 779 2713 pontificali
809 2675 863 2702 aut
894 2673 1007 2702 maiori
1039 2682 1094 2702 seu
1124 2671 1265 2702 inferiori
1297 2672 1499 2712 prefulgeant
1530 2671 1698 2711 dignitate.
1729 2679 1850 2699 necnon

303 2767 329 2795 1>
349 2765 407 2791 Ioh.
428 2769 464 2798 11³,
478 2769 518 2791 23.
608 2765 634 2797 2)
654 2765 743 2798 Supra
763 2773 804 2791 m:
818 2768 866 2791 361
885 2768 908 2790 et
926 2769 978 2791 523.
1067 2766 1092 2796 3)
1113 2765 1154 2797 Cf.
1174 2773 1216 2791 nr.
1230 2768 1279 2791 678
1297 2768 1319 2790 ct
1340 2768 1397 2791 680.
