2205 3025
356 120 417 147 53}ss
591 114 686 140 ACTA
708 112 819 138 REGNI
841 111 1023 138 LUDEWICI
1044 111 1090 137 IV.
1109 111 1154 137 ET
1174 110 1358 137 FRIDERICI
1378 111 1426 136 ΙΙΙ.
1464 111 1539 138 1329.
1576 111 1623 137 Nr.
1639 112 1696 138 635.
1716 112 1773 139 636.

355 213 391 232 ae
415 201 562 232 Romano
588 201 722 240 imperio
748 199 940 239 pertinentia
965 208 1093 238 quoquo
1119 197 1214 228 modo
1239 207 1339 238 usque
1364 197 1405 228 ad
1422 198 1564 228 valorem
1582 197 1725 228 redditus
1749 200 1893 230 annualis
1916 200 2009 230 flore-

357 264 469 283 norum
495 256 710 283 trecentorum
729 252 806 290 auri,
831 250 990 290 superfluo
1015 251 1039 279 si
1064 249 1149 290 quod
1174 252 1223 279 est
1246 249 1276 279 in
1302 260 1358 279 suo
1377 249 1517 290 presenti
1534 252 1617 279 statu
1635 260 1793 289 mansuro,
1818 251 1876 282 tibi
1892 251 2010 282 Iacobo

357 316 392 334 ae
418 304 474 334 tibi
498 303 617 339 Feneio
643 303 818 342 vestrisque
844 301 1016 332 heredibus
1041 312 1082 331 ex
1106 301 1286 341 agnationis
1310 304 1417 331 tamen
1442 300 1527 331 linea
1551 301 1752 332 venientibus
1776 312 1846 332 cum
1865 303 2010 333 omnibus

356 356 484 386 iuribus.
510 354 697 391 redditibus,
722 353 876 384 fructibus
900 356 932 383 et
956 352 1156 393 pertinentiis
1179 353 1243 382 suis
1267 362 1303 382 ac
1328 352 1428 392 aquis,
1453 353 1548 393 agris,
1572 353 1709 393 pascuis,
1733 353 1848 392 vineis,
1872 355 2009 384 nemori-

355 408 422 441 bus,
448 408 568 447 campis
594 410 657 437 tam
683 406 775 437 cultis
799 416 894 446 quam
919 405 1044 436 incultis
1069 405 1134 435 sive
1160 404 1301 435 colendis
1326 414 1365 435 ex
1384 408 1471 436 certa
1488 404 1621 434 scientia
1644 406 1732 434 motu
1756 405 1885 445 proprio
1910 415 1946 435 ac
1971 404 2011 435 de

355 458 552 499 plenitudine
577 457 782 498 imperatorie
807 456 974 497 potestatis
999 456 1214 493 concedimus,
1239 456 1432 486 conferimus
1456 459 1488 486 et
1515 455 1671 486 donamus
1693 455 1723 485 in
1748 455 1855 486 nobile
1880 456 2012 487 feudum

356 521 374 540 a
398 510 490 540 nobis
514 520 550 539 ac
575 519 664 539 sacro
690 509 824 549 imperio
850 508 990 539 tenenda
1014 509 1043 538 in
1069 511 1261 548 perpetuum
1286 507 1381 548 pleno
1406 508 1474 537 inre
1499 506 1627 537 feudali.
1684 506 1756 537 Non
1781 507 1928 538 obstante
1953 507 2010 538 ali-

356 572 419 601 qua
443 561 648 591 concessione
673 560 723 589 vel
756 560 860 599 gratia
889 559 928 589 de
952 559 1104 600 predictis
1134 559 1219 589 facta
1244 569 1301 599 per
1325 561 1450 589 nostros
1475 557 1721 598 predecessores
1750 558 1844 588 alicui
1875 569 2011 599 persone

355 612 406 642 vcl
430 612 516 651 loeo,
549 611 685 651 collegio
710 611 760 641 vel
785 611 999 647 universitati,
1031 611 1252 651 cuiuscunque
1282 609 1473 640 conditionis
1496 610 1546 640 vel
1576 609 1740 649 dignitatis
1769 610 1921 649 existant,
1954 610 2011 640 sub

357 673 545 704 quacunque
571 663 740 693 verborum
766 662 870 693 forma
894 672 1045 693 concessa
1069 662 1266 702 generaliter
1289 661 1340 691 vel
1365 661 1549 701 specialiter
1579 671 1615 691 ac
1648 661 1745 691 etiam
1773 671 1835 691 non
1864 661 2011 691 obstante

357 714 502 755 qualibet
529 714 746 754 possessione,
780 714 990 754 occupatione
1020 713 1069 744 vel
1099 713 1330 753 prescriptione
1360 723 1418 753 per
1447 722 1653 753 quoscunque
1683 712 1828 742 homines
1856 713 1906 743 vel
1938 724 2011 753 per—

356 776 462 797 sonas,
497 776 631 795 comune
661 765 710 795 vel
739 765 979 795 universitatem
1008 765 1081 795 inde
1114 765 1232 795 secutis
1260 765 1310 795 vel
1342 764 1459 795 habitis
1490 763 1529 794 de
1559 763 1680 794 eisdem
1714 768 1745 794 et
1775 774 1836 794 non
1866 764 2012 795 obstante

358 817 443 858 quod
475 828 532 857 per
563 815 701 847 rebelles
730 820 761 847 et
792 817 937 846 inimicos
967 817 1091 856 imperii
1124 816 1343 856 possessiones
1372 816 1435 846 iam
1473 816 1556 846 dicte
1589 819 1744 856 occupate
1774 826 1810 846 ac
1842 816 1873 846 in
1901 826 2012 846 eorum

356 869 456 899 forcia
481 868 717 908 presentialiter
741 871 917 898 tencantur.
974 867 1015 897 Et
1044 878 1104 897 non
1134 867 1335 905 obstantibus
1366 867 1526 908 aliquibus
1556 867 1694 907 legibus,
1724 867 2012 906 contrarietatibus

357 918 664 961 consn[e]tudinibus
682 919 731 949 vel
757 920 883 949 statutis
907 922 962 949 aut
986 919 1104 949 iuribus
1129 919 1332 960 generalibus
1350 919 1400 949 vel
1425 919 1628 959 specialibus,
1653 929 1714 959 que
1739 919 1769 948 in
1794 918 1946 958 predictis
1962 919 2013 950 vel

357 971 573 1011 predictorum
609 971 716 1011 aliquo
753 970 996 1011 quomodolibet
1028 970 1202 1000 obviarent.
1266 970 1335 1005 Que
1367 970 1473 1000 omnia
1504 980 1543 1000 ex
1579 973 1667 1000 certa
1699 970 1832 1000 scientia
1862 970 2012 1009 tollimus,

359 1033 519 1052 cassamus
543 1033 580 1052 ae
599 1023 695 1053 etiam
713 1032 899 1052 revocamus
925 1025 957 1052 et
981 1022 1020 1051 de
1039 1023 1207 1062 potestatis
1226 1021 1423 1062 plenitudine
1448 1021 1570 1052 eisdem
1595 1031 1652 1062 per
1676 1025 1842 1062 presentes
1866 1022 2013 1052 volumus

359 1075 516 1115 derogari,
542 1076 576 1104 ut
592 1074 725 1114 perinde
744 1073 901 1103 habeatur
917 1074 1055 1107 omnino,
1081 1074 1145 1103 acsi
1163 1073 1203 1103 de
1229 1074 1274 1103 cis
1295 1074 1326 1103 in
1343 1073 1483 1113 presenti
1501 1073 1706 1103 concessione
1724 1083 1876 1113 expressa
1892 1073 2012 1104 mentio

358 1125 538 1156 haberetur.
614 1125 700 1155 Nulli
718 1135 794 1166 ergo
813 1125 941 1155 omnino
956 1125 1119 1155 hominum
1137 1125 1232 1155 liccat
1248 1125 1330 1155 hanc
1348 1128 1453 1156 nostre
1471 1125 1693 1161 concessionis,
1712 1124 1901 1163 donationis⁷
1919 1135 2011 1155 revo-

358 1177 490 1207 cationis
516 1180 546 1206 et
571 1177 673 1216 gratie
692 1177 842 1216 paginam
860 1176 1032 1216 infringere
1050 1177 1101 1206 vel
1120 1177 1148 1206 ei
1173 1187 1250 1207 ausu
1269 1176 1440 1206 temerario
1459 1177 1625 1206 contraire.
1670 1175 1701 1206 Si
1727 1176 1796 1217 quis
1821 1180 1927 1206 autem
1952 1177 2012 1207 hoc

360 1231 553 1268 attemptare
578 1229 818 1268 [desumpserit.
843 1238 974 1268 gravem
992 1227 1243 1268 indignationem
1269 1231 1409 1258 nostram
1434 1238 1557 1258 necnon
1582 1238 1697 1268 penam
1723 1231 1849 1258 centum
1867 1228 2011 1258 marcha-

359 1290 428 1309 rum
453 1280 523 1319 puri
547 1280 613 1309 auri
640 1290 696 1319 pro
715 1279 847 1309 dimidia
871 1283 977 1309 nostre
1002 1279 1101 1309 fiscali
1126 1290 1252 1309 camere
1279 1283 1309 1309 et
1333 1290 1389 1319 pro
1415 1279 1538 1319 reliqua
1562 1279 1695 1309 dimidia
1719 1279 1801 1319 parti
1826 1279 1891 1309 lese
1909 1279 2012 1320 appli-

360 1330 495 1361 candam
520 1340 552 1360 sc
578 1331 702 1360 noverit
725 1330 932 1360 incrusurum.
991 1330 1093 1360 Salvis
1118 1335 1225 1360 tamen
1249 1334 1281 1360 et
1309 1330 1406 1360 firmis
1431 1330 1692 1370 permanentilms
1717 1341 1844 1370 semper
1869 1331 2014 1361 omnibus

362 1381 561 1422 supradictis.
658 1381 693 1411 In
719 1382 805 1411 cuius
829 1382 873 1411 rei
900 1382 1116 1412 testimonium
1142 1384 1308 1421 presentes
1332 1381 1441 1411 literas
1465 1381 1620 1412 conscribi
1649 1385 1681 1411 et
1704 1385 1810 1412 nostre
1835 1383 2012 1412 maiestatis

360 1433 464 1473 sigillo
489 1433 636 1463 iussimus
661 1433 857 1463 communiri.

467 1488 540 1519 Dat.
565 1488 676 1528 Papie.
703 1498 785 1518 anno
810 1488 939 1518 Domini
970 1488 1140 1519 millesimo
1166 1489 1392 1519 trecentesimo
1423 1488 1574 1518 vicesimo
1599 1498 1698 1525 nono,
1730 1488 1901 1519 indictione
1933 1489 2011 1519 duo-

361 1539 499 1575 decima,
536 1539 586 1569 die
618 1539 859 1579 quartodecimo
891 1539 1008 1570 mensis
1041 1540 1194 1579 Augusti,
1230 1540 1321 1580 regni
1352 1540 1450 1570 nostri
1482 1550 1564 1569 anno
1601 1540 1853 1580 quintodecimo,
1889 1541 2014 1581 imperii

361 1601 436 1621 vero
462 1590 611 1621 seeundo.
953 1586 957 1590 ’

690 1747 775 1781 636.
818 1747 984 1781 Ιῗωιηιῖίακ
1013 1751 1164 1781 memmiae
1196 1748 1370 1781 «mendae
1398 1748 1549 1782 Iohanni
1577 1749 1689 1782 cotniti

873 1808 912 1840 ale
940 1806 1032 1850 Str-1111
1063 1818 1230 1841 cometus-sa.
1336 1808 1423 1850 Any.
1444 1809 1500 1842 17.

470 1884 631 1922 Oriqinalr
655 1886 725 1922 (or.)
753 1885 784 1914 in
808 1885 966 1915 tabulario
991 1886 1072 1923 renio
1102 1884 1308 1916 IVae'sbmlens-i.
1356 1885 1592 1923 Descripsimns
1615 1895 1680 1916 uos.
1727 1884 1833 1923 Siye'llzss
1852 1884 2012 1925 fragmen·

361 1939 426 1965 fam
447 1946 579 1974 parrum
602 1936 714 1973 panda
739 1935 803 1973 silis
826 1937 934 1966 sericis
957 1936 1043 1966 rubei
1069 1937 1239 1975 viridisque
1260 1936 1379 1967 eoloris.
1419 1937 1458 1967 Iu
1478 1937 1568 1967 dorso
1585 1936 1730 1975 lefflmtur
1745 1936 1815 1966 stilo
1832 1937 2013 1968 arnaetissmzo

361 1988 491 2025 ssi-ipsa,
520 1987 573 2016 vele
596 1986 748 2024 Ieysibilizc:
781 1986 973 2027 sigilletiur‘)
998 1988 1215 2028 [nenjdrcnsti.
1263 1988 1363 2027 B(er).
1389 1988 1656 2029 s(ub)s(crips)it.;
1686 1989 1725 2025 cf.
1750 1998 1850 2028 snpra
1873 1998 1921 2018 nr.
1942 1988 2012 2019 624,

471 2046 615 2083 Raima,
642 2046 714 2085 li'egl.
733 2046 843 2077 [Λαίαν.
863 2058 897 2085 p.
917 2049 955 2077 65
981 2058 1028 2078 ur.
1048 2049 1141 2078 1033.

474 2105 524 2145 Cf.
548 2116 647 2144 snpra
671 2117 717 2137 ur.
737 2108 807 2137 031.

472 2208 542 2238 wir
564 2208 722 2248 Ludowig
746 2220 806 2239 von
824 2209 904 2239 Gotz
929 2210 1055 2250 guaden
1074 2210 1263 2241 Romiselier
1287 2212 1405 2251 kayscr
1429 2221 1466 2241 zu
1490 2211 1574 2241 allen
1592 2211 1674 2241 ziten
1692 2220 1796 2240 merci·
1820 2210 1876 2240 des
1901 2211 2014 2251 ryches

362 2259 514 2298 verjchen
540 2259 683 2290 offenbar
711 2261 767 2290 mit
797 2261 896 2290 ‹liscm
923 2261 1046 2292 brieve.
1078 2261 1135 2292 daz
1160 2263 1215 2292 wir
1245 2263 1317 2292 dem
1348 2262 1454 2293 edelin
1482 2272 1605 2293 manno
1623 2261 1771 2291 Johanne
1803 2271 1923 2301 graven
1952 2273 2013 2292 von

362 2310 466 2351 Seyne
491 2310 542 2340 dic
568 2310 767 2342 besunderen
791 2312 896 2352 gnade
921 2316 1017 2352 getan
1046 2313 1150 2343 haben
1179 2325 1240 2343 von
1270 2324 1401 2344 unserre
1430 2313 1654 2354 kayserlichen
1683 2313 1771 2343 milte
1800 2313 1865 2343 und
1895 2313 2013 2353 gewalt

362 2362 438 2391 unib
470 2362 536 2391 sine
561 2362 704 2401 getri'iwe
730 2362 845 2394 dinste.
879 2363 929 2393 die
955 2374 988 2393 cr
1013 2374 1069 2393 uns
1094 2367 1189 2404 getan
1215 2365 1270 2395 hat
1293 2365 1357 2395 und
1383 2364 1464 2395 noch
1489 2363 1544 2394 tfin
1568 2364 1629 2401 sol,
1666 2364 1817 2394 erlauben
1848 2364 1912 2394 und
1942 2374 2013 2395 ver-

364 2413 449 2443 lihcn
474 2413 536 2442 ime
560 2413 623 2442 und
656 2413 742 2443 sinen
776 2413 871 2443 erbcn
904 2414 966 2443 und
996 2415 1058 2445 han
1089 2416 1234 2446 crlaubct
1266 2417 1329 2446 und
1358 2416 1503 2446 verlihen
1532 2417 1589 2446 mit
1619 2415 1719 2445 disern
1751 2415 2013 2456 gegenwfnrtigen

362 2463 485 2502 brieve,
511 2463 568 2493 daz
593 2464 618 2493 si
642 2465 759 2503 gewalt
784 2464 888 2494 haben
913 2466 1028 2503 miigen
1054 2466 1116 2496 und
1142 2467 1211 2497 siiln
1236 2467 1409 2498 ewechlich
1433 2467 1548 2498 IIallcr
1572 2468 1684 2497 miinze
1713 2477 1747 2497 ze
1778 2466 1949 2497 schlahene
1977 2478 2015 2498 zu

363 2515 468 2555 Seyne
493 2526 532 2545 an
556 2516 642 2554 giite,
671 2526 710 2545 an
735 2516 863 2555 gewilit,
893 2527 931 2545 an
957 2517 1093 2557 liudwit,
1122 2518 1283 2558 gebreche
1308 2519 1373 2549 und
1397 2519 1614 2559 gewssnlichcr
1637 2518 1749 2548 mfinze
1778 2517 1842 2548 und
1870 2528 1909 2548 an
1935 2519 2015 2549 aller

363 2567 438 2596 wisc
463 2566 579 2606 gestalt
608 2566 670 2596 und
697 2567 892 2606 gewonheit,
922 2568 968 2597 als
999 2579 1071 2598 man
1100 2571 1125 2599 si
1150 2570 1301 2600 schlahen
1328 2571 1374 2600 sol
1404 2570 1466 2600 und
1491 2569 1620 2600 machot
1649 2580 1686 2599 zu
1710 2568 1947 2605 Frankenvort,
1978 2580 2013 2600 ze

364 2618 466 2658 spire,
491 2628 527 2647 zu
545 2617 748 2658 Nuremberg
772 2618 834 2648 und
861 2619 888 2647 in
914 2619 1054 2649 anderen
1073 2630 1188 2650 unsern
1213 2621 1276 2651 und
1303 2622 1358 2652 des
1383 2622 1495 2661 rychcs
1513 2624 1627 2651 steten.
1666 2619 1739 2650 Und
1764 2619 1805 2650 da
1822 2631 1881 2651 von
1899 2620 2013 2651 wellen

364 2670 420 2699 wir
444 2668 507 2698 und
531 2668 680 2709 gebietcn
706 2669 789 2699 allen
814 2680 929 2699 unsern
958 2670 1020 2699 und
1051 2670 1106 2701 des
1131 2672 1244 2711 ryches
1269 2673 1433 2711 getri'iwen
1458 2673 1488 2703 bi
1513 2682 1629 2702 nnsern
1653 2671 1786 2710 hulden,
1820 2671 1878 2701 daz
1902 2672 1927 2701 si
1951 2671 2013 2702 den

364 2724 581 2760 vorgenanten
599 2719 746 2751 Johunne
770 2731 887 2760 graven
906 2730 964 2750 von
984 2722 1087 2760 seyne
1112 2723 1175 2752 und
1201 2724 1267 2753 sine
1293 2724 1391 2754 erben
1416 2724 1474 2754 dar
1498 2735 1536 2754 an
1561 2723 1619 2753 mit
1636 2723 1757 2763 kayner
1773 2722 1878 2753 hande
1895 2723 2013 2753 sachen

2034 672 2057 691 1⁰

2032 929 2055 948 15

2032 1186 2057 1205 20

2032 1444 2056 1462 25

2033 1829 2058 1847 30

2032 2120 2058 2138 35

2033 2429 2059 2446 40

2032 2685 2058 2702 45
