2205 3025
123 752 148 770 10

121 1006 144 1024 15

119 1266 144 1285 20

116 1524 140 1544 25

116 1780 141 1799 30

115 2035 139 2053 35

116 2293 140 2311 40

115 2549 139 2568 45

443 197 539 224 ACTA
558 197 669 224 REGNI
690 197 873 224 LUDEWICI
894 199 939 225 IV.
959 199 1004 224 ET
1024 198 1206 226 FRIDERICI
1228 199 1275 225 ΙΙΙ.
1314 200 1386 226 1327.
1425 201 1544 227 >11:971
1762 206 1817 235 195

169 292 370 323 quacumque
394 284 497 314 forma
520 284 690 314 verborum
714 283 899 315 absolvendi
924 296 943 316 a
959 285 1124 316 sententiis
1141 284 1277 315 hominis
1294 285 1343 316 vel
1361 287 1490 317 canonis
1507 298 1562 318 seu
1580 298 1635 318 eas
1653 288 1818 320 relaxandi

168 333 328 374 generalis
352 334 401 364 vel
425 335 574 375 specialis
598 335 733 365 facultas
757 345 907 366 concessa
930 336 1043 367 fuisset
1066 336 1116 366 vel
1141 336 1371 367 concederetur
1394 338 1614 378 imposterum,
1639 339 1817 371 ademimus

169 388 374 425 potestatem⁷
399 385 632 417 absolutionem
657 389 689 417 et
712 386 944 418 relaxationem
969 386 1150 417 huiusmodi
1175 388 1233 418 soli
1250 387 1423 427 Roman(o)
1449 390 1589 429 pontifici
1607 395 1816 423 reservantes

169 436 262 471 Quod
291 437 316 466 si
346 436 449 467 forsan
480 447 534 467 eos
559 438 609 468 vel
638 447 749 467 eorum
777 437 916 478 aliquem
945 438 975 468 in
1000 437 1143 478 predicto
1168 439 1278 468 mortis
1303 439 1435 469 articulo
1461 440 1583 471 absolvi
1607 442 1816 483 contingeret,

168 487 227 517 nisi
255 488 392 517 sanitate
422 492 553 529 recepta
581 488 649 518 sedi
678 489 854 529 apostolice
887 499 982 529 quam
1011 490 1147 529 primum
1180 493 1308 529 possent
1333 491 1502 522 commode
1537 503 1570 522 se
1594 497 1817 533 representare

168 541 316 568 curarent
352 538 544 569 satisfacturi
580 539 620 569 de
656 539 806 579 predictis
841 540 929 570 iuxta
960 540 1145 570 mandatum
1174 540 1339 580 Boon-ani)
1368 542 1539 582 pontificis,
1576 544 1607 573 in
1638 545 1815 584 predictam

169 590 510 620 excommunicationis
534 591 723 621 sententiam
748 591 927 621 reciderent
954 592 1023 632 ipso
1047 592 1141 622 facto.
1232 593 1275 622 Ut
1299 596 1405 623 autem
1431 604 1596 634 processus
1620 597 1717 626 nostri
1743 607 1814 636 pre-

166 640 240 670 dicti
264 641 304 671 ad
328 640 472 671 eiusdem
488 641 667 679 Llsudovici')
693 645 724 671 et
747 641 881 672 aliorum
906 653 1039 682 quorum
1065 643 1217 673 intererat
1234 653 1434 674 communem
1452 645 1602 676 noticiam
1620 646 1816 686 devenirent,

166 694 271 722 cartas
304 702 359 722 seu
390 691 594 722 membranas
625 702 791 732 processus
827 693 1027 723 continentes
1058 693 1189 724 eosdem
1223 695 1252 724 iu
1282 695 1531 735 Avinion(ensis)
1563 698 1698 728 ecclesie
1728 699 1817 729 ostiis

167 742 306 784 appendi
337 742 532 783 temporibus
561 744 675 783 quibus
706 743 781 773 facti
813 745 940 773 fuerunt
964 744 1096 774 fecimus
1125 755 1181 774 seu
1205 746 1308 785 affigi,
1339 756 1400 786 que
1430 748 1514 786 ipsos
1538 759 1706 788 processus
1730 753 1762 779 et
1786 750 1816 780 in

165 795 210 825 eis
236 798 385 825 contenta,
409 804 465 824 suo
490 795 578 835 quasi
604 805 719 824 sonoro
743 796 893 835 preconio
918 800 949 825 et
967 796 1075 835 patulo
1094 795 1204 825 inditio
1223 796 1431 836 publicarent,
1456 802 1489 828 ut
1506 798 1590 829 idem
1608 800 1814 839 L('udovicus)

165 849 198 876 et
220 845 274 876 alii
298 856 377 886 quos
401 845 576 885 tangebant
600 856 767 886 processus
792 847 926 886 predicti
951 847 1071 877 nullam
1095 851 1224 886 possent
1242 850 1480 880 excusationem
1504 851 1704 890 pretendere,
1730 852 1814 893 quod

163 897 205 928 ad
236 908 291 928 eos
323 897 452 927 minime
483 898 703 937 pervenissent
731 898 780 927 vcl
811 898 895 938 quod
924 899 1124 937 ignorassent
1153 898 1299 931 eosdem.
1332 910 1402 930 cuni
1435 912 1496 931 non
1528 906 1613 932 esset
1643 904 1815 934 verisimile

164 948 270 989 quoad
294 949 379 988 ipsos
404 959 569 979 remancre
594 949 788 988 incognitum
818 949 866 979 vel
899 949 1072 988 occultum,
1104 949 1188 989 quod
1221 953 1284 980 tam
1315 954 1462 991 patenter
1492 954 1644 984 existeret
1669 955 1816 985 omnibus

164 999 371 1040 publicatum.
406 999 546 1030 Eosdem
572 1011 699 1041 quoquc
724 1000 871 1031 faciendo
896 1012 1062 1040 processus
1085 1000 1297 1039 decrevimus,
1322 1002 1406 1041 quod
1433 1003 1489 1042 ipsi
1517 1004 1674 1043 prefatum
1692 1006 1814 1046 Loulo-

163 1052 283 1087 vicum)
308 1054 340 1081 et
363 1051 443 1081 alios
467 1051 667 1091 supradictos
692 1051 1002 1091 comprehenderent
1026 1055 1059 1081 ct
1075 1055 1225 1087 artai-ent,
1250 1053 1314 1082 acsi
1332 1052 1451 1083 eisdem
1471 1055 1650 1085 extitissent
1666 1057 1815 1087 insinuati

164 1103 374 1143 personaliter
406 1105 438 1132 et
467 1102 641 1132 solenniter
664 1102 831 1143 publicati.
863 1103 1087 1133 constitutione
1121 1113 1323 1144 quacumque
1357 1105 1534 1144 apostolica
1563 1107 1591 1135 in
1623 1109 1813 1138 contrarium

163 1154 251 1184 edita
274 1164 336 1184 non
361 1154 517 1184 obstante.

272 1207 300 1235 3.
336 1206 418 1235 Sanc
444 1216 514 1235 cum
540 1205 679 1235 nonnulli
706 1205 819 1245 prelati
849 1209 880 1235 ct
904 1205 966 1235 alie
997 1216 1132 1245 persone
1158 1206 1372 1236 ecclesiastice
1398 1210 1430 1236 ct
1454 1208 1637 1247 specialiter
1663 1209 1814 1239 Emicho'·

163 1256 346 1297 Spiren(sis)
372 1261 405 1287 ct
428 1256 657 1287 Gebehardusc
682 1256 905 1297 Flystcten‹'sis)
934 1257 1077 1297 episcopi
1106 1267 1227 1287 necnon
1254 1257 1458 1288 Ilei-mannus
1483 1258 1585 1289 dictus
1610 1259 1749 1290 Humele
1775 1261 1814 1292 de

162 1308 417 1339 Lechtemberch
448 1309 633 1338 scolasticus
663 1309 797 1338 eccle-sic
829 1308 1012 1348 Spirciffsis‘)
1043 1312 1075 1338 ct
1099 1308 1277 1339 llenrieus¹¹
1309 1309 1349 1339 de
1379 1310 1612 1340 (hnulvimflien
1646 1316 1816 1352 preceptor

161 1360 340 1400 Hospitalis
368 1363 476 1390 sancte
504 1360 604 1390 Maric
629 1359 899 1390 'l’hcotonicorum
929 1371 985 1400 per
1011 1360 1211 1390 Alamaniani
1242 1369 1274 1390 et
1304 1360 1473 1401 liudgerus
1504 1362 1543 1391 de
1568 1362 1713 1403 Amberg
1743 1374 1813 1403 pre-

161 1412 282 1452 positus
310 1411 444 1441 ecclesie
469 1416 576 1441 sancte
602 1410 773 1441 Cathcrine
807 1412 834 1440 in
861 1411 1051 1451 openhoym
1077 1411 1251 1451 Maguntiu.
1278 1412 1357 1442 dioc.
1383 1416 1415 1442 ct
1444 1413 1603 1443 Marsilins
1634 1414 1673 1444 dc
1702 1414 1815 1445 Padna,

160 1474 197 1494 ac
224 1463 380 1493 lohannes
405 1463 443 1492 de,
465 1463 605 1493 lauduno
630 1466 781 1503 tauquam
806 1466 1011 1502 acceptorum
1038 1462 1258 1493 benefitiorum
1285 1464 1490 1494 immemores
1516 1468 1548 1494 ct
1572 1465 1697 1503 ingrati.
1724 1469 1815 1505 terga

160 1525 221 1545 non
246 1514 359 1545 faciem
386 1514 564 1544 vertentes¹
591 1514 727 1544 ecclesie
751 1524 787 1543 ac
805 1513 992 1543 fidelitatem
1011 1524 1074 1554 qua
1092 1518 1240 1545 tenentur
1257 1514 1361 1545 cidem
1380 1515 1408 1545 in
1428 1516 1594 1555 perfidiam
1613 1527 1672 1545 non
1691 1516 1813 1557 absque

160 1556 287 1597 suarum
315 1566 493 1596 animarum
523 1565 670 1606 periculis
699 1568 731 1595 et
760 1565 966 1605 plurimorum
997 1565 1154 1595 scandalis
1183 1570 1378 1596 cotnnmtare
1403 1577 1463 1596 non
1491 1570 1652 1603 verentes,
1682 1568 1814 1607 prefatis

160 1618 274 1648 nostris
303 1617 504 1658 processibus
528 1621 559 1647 et
583 1617 739 1647 contentis
764 1617 792 1646 in
818 1617 863 1646 cis
891 1616 1022 1646 obedire
1048 1617 1226 1647 temerariis
1250 1617 1379 1647 ausibus
1404 1619 1663 1658 contempserint,
1688 1619 1813 1659 prefato

160 1669 346 1700 adherendo
376 1668 538 1698 liudovico
568 1672 638 1708 post
668 1668 915 1708 publicationem
945 1668 1120 1698 eorundem
1152 1679 1356 1708 processuum
1387 1680 1423 1699 ac
1453 1680 1549 1709 snper
1578 1670 1651 1708 hiis,
1683 1681 1743 1711 que
1772 1671 1812 1700 ad

161 1721 249 1760 regni
278 1730 333 1750 seu
361 1720 485 1760 imperii
510 1719 646 1750 Romani
676 1719 819 1759 regimen
850 1720 1022 1759 pertinent.
1054 1719 1197 1759 parendo
1226 1725 1257 1750 et
1286 1720 1468 1751 obediendo
1498 1724 1530 1751 et
1557 1732 1629 1751 eum
1655 1733 1711 1762 pro
1737 1732 1812 1762 rege

160 1771 298 1802 tenendo
327 1771 451 1812 sibique
480 1775 631 1811 tanquam
661 1772 728 1811 regi
758 1771 970 1801 reverentiam
1000 1771 1182 1801 exhibendo
1208 1776 1239 1801 et
1263 1772 1356 1801 aliter
1380 1772 1558 1802 assistendo
1584 1776 1616 1803 et
1640 1773 1812 1812 prestando

160 1822 264 1853 cidem
290 1825 399 1853 contra
423 1826 566 1852 tenorem
593 1822 748 1852 dictorum
773 1832 979 1862 processuum
1005 1822 1169 1856 auxilium,
1201 1823 1365 1853 consilium
1392 1828 1423 1853 et
1448 1823 1589 1853 favorem
1616 1824 1812 1865 cosdemque

159 1884 325 1914 processus
349 1873 510 1915 publicare
536 1874 766 1904 contumaciter
790 1873 864 1903 dicti
890 1874 1002 1914 prelati
1029 1873 1179 1903 videlicet
1203 1874 1381 1904 omittendo
1406 1879 1437 1905 et
1454 1875 1678 1905 nichilominus
1696 1876 1810 1906 eodem

160 1925 337 1959 Ludovico,
367 1925 447 1955 sicut
475 1924 661 1965 predicitur5
691 1924 824 1955 diversis
849 1925 1214 1956 excommunicatimium
1239 1927 1405 1956 sententiis
1430 1926 1581 1957 innodato
1606 1931 1754 1967 presente
1779 1930 1811 1957 et

159 1976 189 2006 in
212 1976 290 2006 locis
314 1977 410 2007 etiam
435 1976 652 2007 ecclesiastico
677 1977 849 2016 suppositis
874 1976 1042 2006 interdicto
1067 1977 1206 2016 ipsorum
1233 1977 1382 2007 videlicet
1406 1978 1501 2018 aliqui
1521 1978 1627 2007 divina
1645 1979 1810 2009 celebrare

159 2032 233 2058 seu⁰
257 2027 361 2067 potius
385 2031 538 2068 quantum
564 2028 592 2057 in
618 2028 664 2057 cis
687 2030 735 2058 est
761 2027 961 2067 prophanare
987 2028 1087 2058 offitia.
1112 2038 1173 2058 non
1198 2028 1266 2058 sine
1293 2028 1398 2058 divine
1424 2030 1600 2059 maiestatis
1617 2030 1811 2060 contumelia,

159 2082 190 2109 et
214 2082 398 2119 contemptu
423 2079 557 2109 clavium
582 2080 833 2119 presumpserint
857 2080 963 2119 sepius
987 2083 1019 2109 et
1045 2084 1238 2119 presumant,
1264 2081 1344 2110 sicut
1368 2080 1453 2110 fama
1477 2080 1605 2119 publica.
1622 2082 1761 2111 notoriat
1778 2085 1810 2111 et

159 2130 204 2160 rei
234 2130 394 2161 evidentia
422 2131 621 2169 manifestat,
654 2130 788 2170 predicti
820 2131 916 2161 etiam
941 2131 1099 2161 Marsilius
1129 2135 1160 2162 et
1186 2131 1344 2161 lohannes
1377 2135 1442 2162 tam
1468 2132 1592 2172 prefato
1618 2132 1808 2169 L(udovico)

159 2191 253 2222 quam
283 2182 424 2222 pluribus
454 2182 525 2212 aliis
553 2182 744 2222 dampnatos
773 2182 902 2213 hereses
931 2186 962 2213 et
991 2193 1115 2213 errores
1140 2182 1312 2222 publicare.
1339 2182 1504 2222 predicare
1530 2193 1566 2213 ac
1591 2183 1809 2221 dogmatizare

159 2232 404 2273 dampnabiliter
427 2234 688 2273 prefflunpsorim
714 2245 774 2274 que
800 2234 906 2264 omnia
929 2234 1011 2264 adeo
1035 2238 1107 2264 sunt
1131 2235 1265 2273 notoria,
1290 2234 1374 2275 qnod
1400 2234 1486 2265 nulla
1511 2235 1632 2274 possint
1656 2236 1808 2276 tergiver-

158 2285 280 2315 satione
298 2285 404 2320 celari,
483 2295 539 2314 nos
556 2285 701 2315 nolentes
719 2296 868 2316 excessus
885 2285 1054 2315 horribiles
1075 2289 1107 2316 ct
1125 2285 1358 2316 inobedientias
1378 2289 1409 2315 et
1427 2286 1637 2316 coutumatias
1655 2296 1809 2317 execran-

158 2335 215 2365 das
238 2335 420 2366 huiusmodi
444 2336 565 2376 absque
589 2337 785 2367 correctione
810 2336 919 2366 debita
944 2337 1108 2376 preterire,
1134 2347 1172 2367 ne
1198 2337 1421 2367 inobedientes
1446 2337 1505 2377 ipsi
1536 2337 1575 2367 de
1601 2348 1657 2367 sua
1681 2337 1809 2368 valeant

158 2387 284 2417 malicia
314 2397 353 2417 ex
384 2387 505 2418 eisdem
537 2387 703 2417 horrendis
734 2388 919 2418 excessibus
947 2388 1089 2428 gloriari,
1123 2389 1292 2428 episcopos
1323 2398 1360 2417 ac
1394 2398 1546 2428 personas
1575 2388 1809 2418 ecclesiasticas

158 2438 302 2478 superius
330 2439 508 2469 nominatos
537 2442 569 2469 et
597 2449 708 2469 omnes
738 2439 817 2469 alios
845 2442 877 2469 et
905 2439 1046 2479 singulos
1074 2443 1138 2469 tam
1168 2440 1310 2479 prelatos
1335 2449 1430 2479 quam
1455 2439 1549 2475 alios,
1583 2440 1808 2479 cuiuscumque

158 2488 219 2518 sint
243 2490 467 2529 preminentie,
497 2489 674 2530 dignitatis,
704 2490 835 2524 ordinis,
865 2490 1054 2520 conditionis
1078 2494 1109 2520 et
1134 2493 1248 2529 status,
1275 2491 1399 2521 etiamsi
1424 2490 1597 2530 pontificali
1622 2490 1671 2520 vel
1697 2491 1808 2530 quavis

158 2539 220 2569 alia
244 2542 442 2580 premineant
467 2540 633 2581 dignitate,
658 2542 710 2581 qui
736 2541 827 2572 dictis
848 2541 1049 2581 processibus
1066 2552 1189 2582 parere,
1214 2542 1293 2572 sicut
1310 2542 1513 2581 premittitur7
1538 2544 1806 2581 contempserunt,

158 2591 372 2630 suspensionis
396 2592 436 2622 ab
461 2592 561 2622 offitio
586 2595 618 2622 et
641 2592 797 2622 beneficio
815 2596 846 2622 et
864 2593 1202 2623 excommunicationis
1219 2592 1395 2622 sententias
1412 2596 1521 2621 contra
1539 2592 1619 2621 tales
1637 2593 1666 2621 in
1685 2591 1805 2621 eisdem

160 2641 359 2681 processibus
389 2643 609 2683 promulgatas
641 2643 839 2673 declaramus
869 2643 908 2673 de
943 2643 1099 2673 dictorum
1131 2644 1263 2674 fratrum
1294 2643 1425 2673 consilio
1456 2643 1625 2672 incurrisse
1657 2643 1806 2682 ipssffique

261 2742 324 2770 277.
354 2744 377 2774 b)
396 2746 506 2769 Emocbe
525 2754 545 2769 c.
635 2744 656 2776 e)
675 2745 842 2769 Gebohardus
862 2754 882 2770 c.
971 2746 994 2775 Ἰ)
1015 2746 1048 2769 im
1068 2754 1087 2769 c.
1178 2745 1198 2776 n)
1219 2752 1242 2776 ες
1262 2754 1281 2769 c.

261 2803 285 2828 li
308 2803 347 2834 Cf.
367 2803 459 2828 Jcrenz.
474 2806 513 2834 232,
529 2806 568 2829 33.

1831 606 1876 626 cap⁴
1888 603 1919 622 1⁸.
