2205 3025
185 723 211 742 10

187 979 210 997 15

183 1237 208 1255 20

181 1684 205 1703 25

183 1976 208 1995 30

182 2231 206 2251 35

180 2491 206 2508 40

467 163 563 189 ACTA
583 163 694 190 REGNI
715 164 898 192 LUDEWICI
918 165 964 191 IV.
983 165 1028 191 ET
1048 166 1230 193 FRIDERICI
1250 167 1298 192 ΙΙΙ.
1336 167 1410 194 1329.
1447 167 1494 194 Nr.
1508 168 1568 193 614.
1587 168 1645 194 615.
1821 172 1881 200 515

232 249 367 289 imperio
392 260 450 290 per
474 251 645 281 constantis
669 251 744 282 fidei
767 262 803 282 ac
828 251 1012 282 devocionis
1035 252 1139 283 zelum
1164 256 1196 284 et
1219 263 1277 293 per
1294 253 1449 294 obsequia
1466 254 1685 294 multipliciter
1708 254 1882 286 laudabilia

230 304 396 340 gratanter
431 302 708 342 eumplacueritisb
732 306 896 344 tamquam
931 304 1029 344 ipsius
1065 305 1256 345 principales
1287 305 1512 335 ministeriales
1547 308 1580 335 ct
1614 305 1725 336 vasalli
1757 307 1881 338 nobiles

231 354 328 392 atque
346 352 443 393 digni,
467 353 734 393 suplicacionibus
750 355 863 384 vestris
886 355 1075 386 instantibus
1099 357 1262 386 serenitati
1286 360 1391 387 nostre
1417 356 1457 386 de
1481 360 1572 397 parte
1596 359 1702 387 vestra
1726 359 1880 398 porrectis

231 402 271 433 de
304 404 506 435 conferendis
535 404 624 435 vobis
653 405 756 436 feodis
783 416 821 436 ac
848 406 968 436 iuribus
991 407 1118 444 vestris,
1150 407 1264 448 quibus
1292 408 1332 438 ab
1361 408 1495 448 imperio
1523 409 1697 449 antiquitus
1726 409 1880 440 infeodati

231 453 440 495 dinoscimini,
465 457 516 496 pie
540 456 798 487 condescendere
822 457 968 487 volumus
996 461 1028 488 et
1051 459 1194 498 graciose
1219 469 1359 489 annuere
1385 459 1424 489 de
1449 459 1542 489 solito
1567 462 1673 490 nostre
1698 461 1879 491 clementis-

229 507 308 537 sime
334 506 493 537 bonitatis.
540 507 641 538 Vobis
665 508 761 548 igitur
784 509 937 538 universis
966 512 998 539 et
1021 509 1152 550 singulis
1177 511 1282 540 onmia
1311 514 1342 541 et
1367 511 1491 551 singula
1514 514 1620 542 vestra
1644 512 1729 551 iura,
1758 512 1880 552 regalia

229 567 286 588 seu
311 557 421 595 feoda,
451 569 513 598 que
545 569 563 589 a
586 559 676 589 nobis
700 563 732 589 et
761 560 975 590 sacratissimo
1006 559 1152 591 Romano
1181 562 1315 601 imperio
1346 562 1472 602 prefato
1502 562 1621 593 habere
1654 566 1686 593 et
1714 564 1880 604 percipere

229 609 451 645 consuevistis,
476 610 703 650 cuiuscumque
728 610 922 641 condicionis
945 622 1001 642 seu
1025 612 1160 642 nominis
1185 613 1323 643 existant
1353 614 1419 643 sive
1450 614 1512 643 sint
1541 613 1624 644 bona
1652 614 1792 645 feodalia
1824 625 1880 645 seu

229 659 401 690 vasallatus
419 660 591 700 hominum,
617 661 734 692 iudicia
759 665 791 692 et
807 662 1037 702 iurisdieiones,
1061 663 1221 697 thelonea,
1246 668 1374 694 monete
1394 667 1490 705 atque
1508 665 1682 695 conductus
1699 668 1878 705 stratarum,

229 711 368 742 ferarum
393 713 583 742 venaciones
607 713 672 743 sive
697 714 798 743 eciam
823 714 884 743 sint
908 714 1056 754 piscarie,
1081 724 1203 745 necnon
1228 715 1330 745 eciam
1356 726 1466 745 onmes
1491 717 1628 746 mineras
1652 717 1879 757 cuiuscumque

227 762 379 801 metalli¹,
404 763 490 804 quod
514 764 545 793 in
568 764 681 794 vestris
704 764 794 794 bonis
819 765 1005 804 reperietur,
1031 775 1093 806 que
1117 766 1179 796 iam
1205 766 1375 806 possidetis
1401 767 1450 797 vel
1475 768 1683 807 imposterum
1708 778 1878 808 recupera—

228 813 301 845 bitis
325 814 374 846 vel
399 825 461 856 que
485 815 555 845 aliis
579 815 695 846 collata
719 819 790 846 sunt
826 816 874 846 vel
904 826 965 856 quc
990 816 1137 847 absolute
1167 818 1297 856 tenetis,
1329 817 1369 848 de
1395 819 1503 848 innata
1527 819 1616 849 nobis
1645 819 1820 850 clemencia
1848 820 1879 850 in

228 865 357 897 feodum
383 866 596 906 concedimus,
621 867 813 898 conferimus
838 871 869 897 et
891 867 1044 898 donamus
1068 878 1104 898 ac
1129 869 1230 899 eciam
1256 868 1295 899 de
1313 869 1444 909 speciali
1465 871 1573 910 gracia
1590 872 1780 901 auctoritate
1799 871 1878 911 (M.)

227 921 336 949 nostra
360 918 562 959 presentibus
590 918 796 949 concedendo
824 919 1019 949 innovamus.
1076 920 1284 951 investientes
1315 931 1369 950 vos
1401 924 1432 951 et
1465 922 1641 961 quemlibet
1670 925 1809 953 vestrum
1838 922 1877 953 de

230 969 333 1000 feodis
364 969 515 1010 predictis
544 969 690 1000 omnibus
719 980 776 1010 per
805 973 972 1010 presentes
1004 982 1092 1001 more
1117 976 1224 1002 nostro
1249 973 1342 1002 solito
1378 976 1410 1002 et
1446 976 1608 1003 consueto.
1718 973 1754 1004 In
1790 974 1878 1004 cuius

228 1024 334 1051 nostre
367 1022 593 1061 concessionis,
631 1021 833 1059 donacionis,
865 1022 1096 1052 infeodacionis
1132 1033 1168 1053 ac
1200 1023 1416 1053 innovaeionis
1446 1024 1576 1054 evidens
1606 1024 1701 1054 robur
1728 1028 1761 1055 et
1788 1026 1877 1055 testi-

228 1073 367 1103 monium
398 1077 563 1114 presentes
598 1073 753 1103 conscribi
783 1077 814 1103 et
842 1077 950 1103 nostro
988 1074 1076 1114 tippo
1106 1084 1203 1104 aureo
1236 1074 1316 1104 infra
1344 1075 1404 1104 filis
1435 1076 1545 1115 syl-icis
1573 1086 1715 1116 appenso
1744 1077 1877 1107 fecimus

226 1126 413 1155 communiri
438 1128 469 1155 et
494 1128 600 1156 nostro
625 1124 782 1165 imperiali
806 1128 958 1155 consueto
982 1126 1071 1166 signo
1096 1125 1177 1155 infra
1202 1126 1346 1166 proxime
1371 1127 1496 1166 signato
1520 1128 1691 1167 insigniri2.

334 1176 409 1207 Dat.
435 1177 546 1217 I’apie,
571 1187 653 1207 anno
679 1176 809 1207 Domini
832 1176 1002 1207 millesimo
1027 1178 1253 1207 trecentesimo
1278 1178 1434 1217 vigesimo
1459 1189 1559 1217 nono,
1585 1179 1775 1209 duodecima
1799 1178 1877 1208 indi-

227 1228 328 1262 cione,
353 1227 404 1258 die
428 1229 583 1268 vigesima
608 1232 721 1270 quarta
744 1228 836 1266 Iunii,
861 1228 951 1268 regni
976 1229 1073 1258 nostri
1098 1239 1179 1259 anno
1204 1229 1453 1269 quintodecimo,
1479 1230 1603 1270 imperii
1628 1241 1702 1261 vero
1727 1230 1876 1261 seeundo.

334 1305 421 1346 Egoc
446 1304 749 1345 fr(ato1·)Hanrious
772 1317 861 1337 sacre
885 1306 1016 1346 teoligie
1041 1306 1152 1337 doctor
1175 1307 1328 1347 fungens⁴¹
1355 1307 1460 1338 officio
1485 1308 1604 1338 domini
1629 1309 1805 1339 serenisiini
1830 1310 1876 1339 in-

227 1357 400 1398 peratorise
431 1357 587 1388 eanzelari
618 1357 808 1388 vicedomini
841 1358 1073 1399 archiepiscopi
1099 1358 1338 1399 Collonffionsisi
1371 1359 1618 1390 arellieanzelari
1649 1370 1706 1400 per
1736 1361 1876 1391 Ytaliam

228 1409 410 1449 recognovi.

246 1583 332 1617 615.
375 1582 584 1616 Illamlutlme
612 1594 713 1627 supet·
739 1583 947 1617 restisettinmt
974 1586 1143 1617 terrarum
1172 1584 1322 1618 civitatis
1350 1585 1600 1618 (Vi-eneanmts-is.
1707 1585 1784 1618 Iem.
1801 1586 1860 1618 24.

335 1664 495 1704 Oriqinale
512 1666 583 1704 (or.)
600 1665 634 1695 in
651 1665 809 1696 tabulario
828 1666 1035 1696 Grmzmwnml
1085 1666 1280 1697 Contulinms
1301 1676 1366 1696 nos.
1414 1666 1516 1705 Sz'yille'
1531 1667 1640 1697 secreta·
1663 1677 1750 1697 ceint:
1766 1667 1878 1697 rubeae

225 1716 316 1747 dorso
339 1717 482 1754 impressi
504 1717 634 1756 vestigia
657 1717 783 1747 adsunt.
830 1717 950 1747 Eadem
974 1728 1073 1747 maim
1096 1718 1245 1756 seriptum
1270 1720 1314 1748 est
1341 1728 1379 1747 ac
1401 1728 1501 1756 snpra
1524 1728 1572 1748 ur.
1591 1720 1662 1748 603.
1708 1718 1878 1756 Inscriplio

226 1771 286 1798 est:
309 1768 417 1799 Nobili
442 1768 507 1798 vire
532 1768 694 1808 Lodoysio
719 1768 758 1799 de
783 1768 936 1809 Gonzago
961 1779 1017 1799 suo
1042 1772 1074 1799 et
1097 1769 1222 1809 imperii
1246 1769 1332 1800 fideli
1358 1769 1485 1799 dilecto.
1512 1787 1549 1790 —
1576 1769 1636 1801 Ed.
1658 1769 1878 1800 l‘Vinstelmmm

226 1820 319 1850 ‘Acta
344 1820 467 1858 imperii
489 1819 618 1850 inezlila'
643 1820 688 1857 II,
705 1820 769 1849 316
792 1830 839 1850 nr.
859 1820 919 1849 505
944 1831 982 1849 cic
1006 1831 1050 1852 or.

335 1913 547 1944 Ludowieusa
574 1914 635 1944 Dei
666 1915 774 1954 gracia
803 1914 1021 1945 Romanorum
1051 1915 1225 1955 imperator
1253 1925 1382 1956 semper
1410 1919 1562 1955 augustus
1683 1914 1780 1944 nobili
1809 1915 1875 1945 viro

226 1965 388 2006 Lodoyzio
414 1965 453 1996 de
478 1965 641 2006 Gonzago,
666 1966 713 1996 sui
738 1970 771 1996 et
794 1966 918 2006 imperii
942 1965 1029 1996 fideli
1054 1966 1170 1996 dilecto
1249 1967 1388 2007 graciam
1415 1977 1503 1997 suam
1530 1970 1561 1996 et
1586 1976 1679 1996 omne
1704 1966 1832 1996 bonum.

334 2017 413 2047 Cum
438 2017 584 2047 homines
607 2027 644 2047 ac
669 2018 830 2047 civitatem
856 2018 988 2058 eiusque
1013 2019 1206 2048 territorium
1232 2018 1271 2048 de
1297 2018 1455 2048 Cremona.
1479 2021 1611 2058 propter
1639 2019 1793 2048 sinceram
1820 2017 1875 2047 de-

226 2069 402 2107 votionem,
432 2079 527 2109 quam
553 2079 629 2109 erga
654 2079 710 2099 nos
733 2079 770 2099 ae
794 2079 919 2099 sacrum
942 2069 1124 2099 Romanum
1153 2073 1284 2100 actenus
1313 2073 1481 2110 gesserunt
1510 2069 1679 2109 imperium
1710 2072 1742 2099 et
1772 2068 1875 2098 adhuc

226 2119 289 2150 fide
314 2121 569 2150 constantissima
593 2130 706 2160 gerere
731 2120 992 2160 comprobantur,
1022 2121 1053 2151 in
1076 2124 1200 2151 nostros
1231 2124 1263 2151 et
1291 2122 1415 2161 imperii
1442 2120 1660 2161 peeculiaresb
1685 2121 1874 2160 recepimus,

225 2171 370 2202 homines
388 2172 613 2213 civitatemque
631 2172 809 2212 predictam
827 2176 932 2202 nostre
950 2182 1076 2203 camere
1095 2173 1278 2213 specialiter
1303 2183 1373 2203 cum
1398 2183 1454 2202 suo
1481 2173 1639 2202 territorio
1663 2175 1874 2209 reservantes,

227 2223 267 2253 ob
292 2234 426 2264 quorum
451 2224 617 2254 obtentum
641 2224 770 2254 uberius
795 2234 904 2253 eorum
930 2223 1119 2254 utilitatibus
1147 2224 1312 2264 invigilare
1342 2227 1497 2255 tenemur.
1549 2223 1655 2258 Quare
1688 2233 1758 2252 eum
1789 2222 1874 2252 idem

226 2284 333 2304 coram
366 2275 456 2305 nobis
486 2275 707 2315 deposuerint,
738 2275 822 2315 quod
854 2278 887 2305 tu
916 2279 1019 2305 castra
1048 2275 1192 2305 Plactine
1222 2278 1254 2305 et
1283 2275 1405 2306 Casalis
1434 2274 1564 2305 Maioris
1593 2278 1624 2304 et
1653 2275 1768 2304 multas
1796 2274 1874 2303 alias

226 2328 326 2356 terras
351 2326 382 2356 in
406 2326 564 2356 territorio
590 2325 797 2356 Cremonensi
822 2337 893 2356 eum
918 2326 1037 2356 iuribus
1061 2327 1125 2356 suis
1149 2330 1181 2356 et
1205 2327 1404 2366 pertinentiis
1429 2327 1468 2356 ab
1494 2326 1624 2366 antiquo
1648 2326 1725 2365 ipsis
1742 2324 1872 2355 Cremo-

224 2376 374 2407 nensibus
409 2378 605 2418 pertinentes
639 2378 783 2408 detineas
816 2381 1003 2418 occupatas,
1038 2381 1091 2408 tue
1126 2377 1273 2408 fidelitati
1309 2377 1466 2407 actentius
1505 2377 1702 2417 requirentes
1738 2375 1873 2406 eandem

225 2427 397 2458 districtius
420 2428 477 2458 sub
502 2439 585 2469 pena
609 2428 834 2469 indignationis
858 2432 963 2459 nostre
988 2429 1180 2469 iniungimus
1205 2432 1236 2459 et
1260 2428 1464 2464 mandamus,
1490 2428 1637 2468 quatinus
1663 2427 1746 2457 dieta
1770 2429 1873 2456 castra

225 2490 296 2510 cum
321 2480 466 2510 omnibus
490 2480 560 2510 aliis
585 2481 676 2510 terris
705 2484 736 2510 et
765 2480 919 2510 universis
944 2481 1084 2520 ipsorum
1109 2480 1229 2510 iuribus
1254 2480 1328 2520 ipsis
1352 2480 1466 2509 nostris
1490 2478 1669 2509 hominibus
1700 2481 1731 2508 et
1755 2476 1872 2507 civitati

327 2581 393 2608 614.
422 2582 446 2613 ¹²)
466 2583 501 2607 im
520 2592 556 2607 or.
667 2583 688 2613 c)
709 2583 801 2607 abhinc
820 2592 911 2607 manus
931 2583 1081 2608 cancellarii
1099 2584 1125 2607 ίιι
1144 2592 1181 2607 or.
1293 2582 1316 2613 sl)
1342 2592 1358 2607 ιι
1378 2592 1443 2607 corr.
1462 2591 1491 2606 6:1³
1510 2591 1522 2603 o
1543 2591 1578 2605 ων.
1691 2582 1712 2610 ρ)
1732 2579 1870 2603 ΞΕ·ΥΕΠῙ»<ῖΙΗῐ

225 2625 355 2656 inperator
375 2626 400 2649 in
420 2626 473 2650 loco
492 2634 551 2650 raso
571 2635 607 2650 or.

328 2693 393 2719 615.
421 2694 443 2724 a)
463 2695 630 2719 Ludouuicus
650 2704 686 2719 or.
775 2694 798 2725 b)
818 2704 884 2720 corr.
903 2704 933 2720 ea:
953 2696 1110 2727 peceuriales
1129 2705 1166 2720 or.

328 2778 352 2810 1)
376 2777 417 2808 Cf-
437 2785 519 2810 Supra
540 2785 581 2804 nr.
595 2781 650 2804 358.
748 2779 775 2810 Ξ)
796 2778 836 2809 (Ὶὶ
851 2778 1040 2804 ε3σ7ιαίυσοῖἷοη
1059 2779 1142 2804 simile
1159 2786 1241 2810 snpra
1261 2782 1369 2804 ‘1122558
1388 2780 1409 2802 et
1428 2780 1482 2801 σοι).
