2205 3025
161 708 184 727 10

161 965 183 983 15

163 1476 187 1495 2⁵

162 1888 188 1907 ³0

166 2477 192 2495 40

606 148 701 175 ACTA
722 147 834 174 REGNI
853 147 1037 174 LUDEWICI
1057 147 1102 172 1V.
1140 146 1214 173 13:30.
1252 145 1298 171 Nr.
1314 146 1371 171 754.
1390 145 1448 170 755.
1792 147 1849 176 (541

311 235 503 266 Ludowicus
527 234 587 265 Dei
612 235 720 275 gracia
744 234 961 265 Romanorum
986 234 1161 274 imperator
1185 242 1314 273 semper
1338 234 1519 272 augustusa.

309 287 362 318 Ad
378 287 438 317 hoc
457 287 489 317 in
506 287 669 327 oportunis
686 286 763 316 locis
780 285 949 326 generales
966 285 1105 315 nundine
1122 288 1193 315 sunt
1209 285 1347 322 invente,
1373 286 1407 313 ut
1424 282 1587 313 conmunis
1603 282 1732 321 utilitas,
1758 292 1854 323 quam

203 339 298 380 longe
332 339 461 379 lateque
496 338 637 368 humana
664 340 814 378 procurat
840 336 1010 374 industria,
1046 336 1246 367 conmuniter
1274 334 1405 365 alternis
1437 334 1624 364 conmerciis
1656 336 1852 374 procuretur.

204 390 287 421 Hinc
317 394 365 421 est
393 389 477 431 quod
507 400 565 420 nos
594 389 737 430 vestigiis
766 388 838 419 dive
868 389 1022 418 memorie
1046 387 1222 418 Fridericib
1247 386 1450 427 imperatoris
1480 385 1716 426 predecessoris
1745 386 1853 425 nostri7

204 443 257 483 qui
282 441 313 472 id
337 443 441 482 ipsum
465 441 604 480 statuit¹‚
628 439 812 471 inherentes
836 443 868 470 et
891 439 1090 469 subditorum
1115 437 1384 469 commoditatibus
1409 436 1615 477 providentes
1631 436 1854 466 nichilominus

202 493 372 535 generales
395 503 487 523 curas
511 492 673 522 hominum
703 495 735 522 et
758 492 884 522 labores
907 491 1047 531 benigno
1073 490 1303 531 prospicientes
1327 489 1456 527 intuitu„
1481 488 1645 518 civitatem
1670 487 1854 528 spirensem

202 555 260 586 pro
284 545 402 575 mutuis
426 543 591 574 conmodis
615 543 804 574 exercendis
828 543 938 573 utilem
967 545 999 572 et
1028 545 1193 582 acceptam
1224 540 1265 571 ad
1293 540 1502 571 celebrandas
1534 539 1697 570 annuatim
1726 540 1853 570 univer-

203 595 286 626 sales
309 595 474 629 nundinas.
500 606 578 636 quas
602 595 632 625 in
656 595 706 625 die
731 594 905 625 nativitatis
935 593 1029 624 beate
1054 593 1156 623 Marie
1185 592 1315 633 virginis
1344 591 1486 622 inchoari
1517 594 1550 621 et
1577 601 1676 631 usque
1707 591 1736 620 in
1768 590 1853 621 diem

202 647 290 678 beati
314 646 503 678 Michahelis
526 647 671 687 proxime
696 649 883 687 sequentem
906 645 1059 676 inclusive
1082 644 1257 685 perdurare
1275 644 1431 681 volumus,
1457 643 1605 674 duximus
1626 642 1853 684 deputandam,

204 702 382 729 statuentes
406 701 440 728 ut
463 697 583 729 ibidem
607 698 664 728 sub
682 698 851 729 securitate
876 700 984 727 nostra
1008 700 1040 726 et
1063 696 1189 736 imperii
1214 699 1278 726 tam
1296 695 1389 726 vicini
1414 705 1509 735 quam
1534 695 1647 725 remoti
1666 695 1855 725 conveniant

203 760 274 780 cum
299 750 513 780 mercimoniis
537 749 601 780 suis
625 749 794 779 conmuni-a
818 749 898 779 sicut
921 749 1018 779 moris
1041 751 1090 778 est
1113 746 1270 778 conmoda
1295 746 1470 778 faciendoc.
1524 746 1630 781 Quare
1655 745 1855 783 mandamuS,

202 802 397 842 precipimus
421 805 453 832 et
476 801 641 832 hortamur
664 801 826 830 universos
850 804 882 830 et
906 799 1061 840 singulos,
1087 809 1166 840 quos
1189 798 1403 839 gerendarum
1427 807 1502 827 usus
1526 797 1699 827 utilitatum
1724 800 1755 827 et
1779 806 1854 827 con-

202 852 299 883 moda
322 863 427 883 rerum
451 851 594 893 ubique‘l
618 851 798 891 sollicitant,
823 852 970 891 quatinus
994 851 1119 881 statutis
1142 850 1212 880 loco
1237 853 1269 880 et
1292 852 1437 889 tempore
1462 848 1519 878 sub
1544 851 1650 878 nostro
1675 852 1708 878 et
1730 848 1855 888 imperii

204 914 316 935 securo
342 904 459 934 ducatu
482 914 553 934 cum
576 903 686 937 rebus,
711 903 924 933 mercimoniis
948 906 980 933 et
1003 903 1117 933 ceteris
1141 900 1424 942 oportunitatibus,
1457 910 1519 940 que
1550 903 1791 930 consweverunt
1814 899 1855 929 ad

203 956 339 986 invicem
367 955 407 985 ad
432 965 589 985 conmune
613 954 805 985 conmodum
829 954 1002 994 procurari,
1026 953 1180 994 hylariter
1204 956 1236 983 et
1260 955 1407 993 prompte
1432 952 1622 982 conveniant
1646 962 1702 992 pro
1726 950 1856 992 prefixis

205 1006 353 1036 nundinis
378 1006 574 1037 exercendis.
622 1006 802 1037 presentis*
825 1005 933 1045 scripti
957 1006 1154 1036 sanccientes
1178 1004 1300 1042 edicto,
1330 1007 1364 1033 ut
1389 1003 1535 1033 omnibus
1560 1003 1599 1033 ad
1621 1013 1675 1033 eas
1699 1002 1854 1033 venienti-

205 1058 274 1097 bus,
298 1057 495 1088 morantibus
520 1062 552 1088 et
574 1057 692 1088 abinde
716 1057 864 1087 redituris
888 1067 1000 1087 secura
1024 1056 1236 1096 tranquillitas
1261 1059 1293 1086 et
1317 1055 1488 1096 tranquilla
1505 1055 1659 1085 securitas
1682 1053 1856 1094 prebeatur

205 1113 237 1140 et
261 1109 346 1150 quod
370 1110 400 1139 in
425 1110 569 1150 personis
594 1113 626 1139 et
649 1109 744 1139 rebus
767 1108 908 1149 undique
933 1111 1100 1139 serventur
1122 1107 1310 1147 indempnes
1340 1110 1372 1136 et
1396 1106 1499 1136 nullus
1524 1105 1643 1136 audeat
1671 1115 1726 1135 eos
1755 1104 1855 1135 offen-

207 1161 282 1191 dere
306 1161 357 1191 vel
386 1161 553 1191 occasione
584 1160 727 1201 qualibet
756 1159 887 1201 aliquod
911 1160 988 1200 ipsis
1011 1159 1263 1200 inpedimentum
1289 1157 1430 1194 inferres,
1461 1157 1562 1187 donee
1586 1156 1626 1186 ad
1651 1159 1856 1197 pretaxatum

163 1222 174 1240 2
206 1212 310 1243 locum
339 1213 468 1243 veniant
501 1216 533 1243 et
564 1212 620 1243 sub
650 1211 793 1243 eiusdem
826 1214 934 1241 nostra
967 1214 998 1241 et
1029 1210 1154 1250 imperii
1183 1209 1361 1240 securitatis
1388 1208 1591 1248 indulgencia
1619 1207 1788 1238 salubriter
1815 1207 1856 1238 ad

206 1265 336 1305 propria
359 1267 568 1294 revertantur.
615 1263 760 1294 Scientcs
784 1263 868 1303 quod
894 1263 1086 1304 quicumque
1110 1260 1252 1292 mandati
1277 1261 1374 1291 nostri
1399 1260 1589 1290 temerarius
1613 1260 1766 1290 existeret
1789 1259 1855 1289 vio-

206 1316 297 1349 lator.
322 1315 537 1356 indignacioni
562 1318 668 1345 nostre
694 1318 725 1345 et
748 1314 874 1355 imperii
898 1324 934 1344 ac
958 1313 1074 1343 ulcioni
1099 1312 1207 1343 debite
1231 1310 1422 1347 subiacebit,
1455 1311 1513 1340 hiis
1539 1311 1590 1351 qui
1616 1320 1728 1350 pacem
1754 1313 1786 1340 et
1809 1310 1855 1339 in-

208 1367 439 1408 dempnitatem
469 1367 641 1397 servabunt
669 1366 766 1396 nostri
795 1366 911 1396 favoris
941 1365 1082 1405 graciam
1112 1363 1299 1394 obtenturis.
1418 1361 1468 1392 Ad
1503 1362 1591 1391 cuius
1623 1362 1669 1392 rei
1698 1361 1858 1391 futuram*3

207 1419 394 1449 memoriam
420 1421 452 1449 et
475 1418 623 1449 stabilem
647 1418 829 1448 firmitatem
855 1427 986 1457 presens
1003 1416 1155 1456 scriptum
1179 1415 1248 1445 fieri
1272 1416 1304 1444 et
1321 1413 1498 1443 maiestatis
1522 1417 1627 1443 nostre
1645 1412 1749 1453 sigillo
1766 1412 1857 1442 iussi-

207 1480 276 1500 mus
300 1470 504 1500 conmuniriss.

315 1521 388 1552 Dat.
414 1520 525 1562 Spire.
559 1531 641 1551 anno
670 1520 799 1551 Domini
831 1520 1000 1550 millesimo
1034 1519 1259 1549 trecentesimo
1295 1515 1487 1553 tricesimoh,
1516 1515 1608 1546 XIII.
1627 1515 1741 1546 Kalen.
1767 1515 1859 1554 Iunii,

208 1572 379 1603 indictione
404 1573 497 1605 XIII.
522 1573 610 1613 regni
635 1572 732 1602 nostri
757 1582 839 1602 anno
864 1570 1108 1607 sextodecimoi.
1133 1569 1257 1610 imperii
1284 1579 1357 1598 vero
1384 1568 1512 1598 tercisst‘.

338 1755 411 1789 755.
447 1754 716 1791 IOHANNIS
742 1754 868 1789 XXII.
894 1753 1067 1789 PAPAE
1096 1751 1361 1787 LITTERAE
1388 1749 1733 1786 CIVITATIBUs

554 1811 618 1845 ET
643 1809 927 1846 NOBILIBUS
952 1807 1269 1844 GERMANIAE
1298 1805 1511 1841 MISSAE.

880 1877 987 1911 1330.
1028 1875 1110 1911 Mai.
1134 1875 1192 1910 23.

321 1969 417 2010 Copia
453 1970 503 2007 (c.)
541 1969 573 1999 in
613 1967 811 2007 Ressestorum
848 1967 1070 1998 Vatimmornm
1106 1965 1260 1996 tabularii
1300 1964 1448 1995 Vaticani
1483 1967 1552 1994 tom.
1577 1963 1637 1993 115
1651 1962 1676 1980 ‘s
1709 1961 1760 2000 fol.
1782 1962 1859 1992 163¹

209 2031 257 2051 w:
277 2021 370 2051 1953.
419 2020 616 2051 Contalimus
638 2029 702 2050 v1208.
726 2037 766 2041 —
791 2019 852 2049 Ed.
871 2018 994 2050 Re'eazer
1017 2017 1181 2049 ίῩαίίῖεαιι.
1199 2017 1318 2047 ΑᾸ·ίεή’
1338 2027 1370 2055 p.
1387 2016 1450 2046 46⁴3
1466 2025 1515 2046 nr.
1536 2015 1618 2046 1325
1642 2025 1679 2045 ca·
1696 2024 1740 2051 c.;
1763 2013 1857 2044 Hau-

211 2072 296 2103 villar
320 2071 485 2102 ‘Analecta
507 2071 764 2111 Aryentinmzsc'a'
788 2070 816 2107 1,
834 2072 896 2100 187
914 2081 962 2101 ur.
979 2070 1044 2100 216
1067 2079 1104 2100 esc
1128 2080 1154 2100 c.

319 2131 394 2171 Rey.
418 2142 462 2172 ep.
484 2131 645 2163 Constant.
669 2131 827 2161 nr.42215.
852 2130 946 2160 4:227.

321 2208 520 2245 Consulibus,
544 2208 704 2249 magistris
728 2208 854 2246 civium,
879 2206 1009 2237 consilio
1035 2209 1066 2237 et
1090 2206 1250 2236 communi
1274 2204 1411 2235 civitatis
1435 2203 1659 2244 Maguntinoel.

317 2261 426 2292 Claret
454 2261 484 2290 in
513 2263 686 2301 conspectu
714 2259 775 2289 Dei
804 2263 836 2289 et
864 2258 949 2289 sedis
978 2257 1154 2298 apostolice
1184 2256 1349 2287 sinceritas
1373 2258 1478 2285 vestre
1507 2254 1686 2285 devotionis
1715 2256 1747 2283 et
1774 2252 1857 2289 fidei.

210 2322 288 2353 quas
315 2312 356 2343 ad
386 2315 528 2342 sanctam
554 2311 735 2342 Romanam
763 2314 898 2340 matrem
928 2312 1065 2339 vestram
1095 2308 1264 2339 ecclesiam
1297 2311 1450 2348 tanquam
1485 2306 1540 2336 filii
1569 2304 1799 2336 benedictionis
1827 2307 1859 2334 et

210 2365 312 2404 gratie
348 2363 490 2404 gessistis
524 2363 678 2394 hactenus
713 2366 744 2393 et
776 2371 890 2402 gerere
921 2361 1068 2391 continue
1097 2370 1159 2390 non
1188 2359 1329 2390 cessatis.
1393 2357 1459 2388 Nos
1487 2358 1595 2398 itaque
1625 2354 1859 2386 delectabiliter

210 2419 414 2446 recensentes
439 2414 570 2445 easdem
595 2418 626 2445 et
650 2424 721 2444 cum
746 2414 919 2455 gratiarum
945 2411 1122 2443 actionibus
1146 2410 1298 2442 uberibus
1323 2410 1540 2450 multipliciter
1564 2409 1594 2439 in
1611 2408 1749 2438 Domino
1772 2416 1857 2436 com-

210 2465 414 2503 mendantes,
443 2469 582 2496 vestram
606 2465 838 2506 providentiam
864 2464 1016 2494 attentius
1039 2464 1070 2493 in
1094 2462 1233 2492 Domino
1258 2461 1482 2500 exhortamur,
1515 2460 1663 2501 quatinus
1686 2459 1716 2488 in
1740 2457 1802 2488 fide
1827 2460 1858 2487 et

211 2517 381 2548 devotione
405 2516 600 2555 huiusmodi,
632 2526 693 2557 que
718 2526 773 2546 vos
796 2515 868 2546 Deo
898 2525 934 2545 ac
959 2514 1050 2545 nobis
1074 2513 1272 2554 acceptiores
1301 2512 1442 2544 efficiunt
1470 2513 1582 2543 merito
1608 2510 1760 2550 vobisque
1784 2518 1858 2538 ven-

317 2601 380 2627 754.
413 2602 436 2633 ³)
460 2602 623 2633 protocollon
649 2602 674 2626 in
700 2601 727 2626 ⁵2:
752 2602 816 2626 Lud.
835 2606 859 2626 et
883 2606 929 2626 cet.
1042 2600 1066 2631 b)
1092 2601 1160 2624 Frid.
1178 2599 1202 2624 ⁴2.
1309 2598 1331 2629 c)
1358 2599 1473 2623 facienda
1498 2597 1521 2622 1.
1542 2596 1564 2620 ἶ.)-
1676 2594 1700 2625 d)
1725 2594 1810 2624 ibique
1833 2592 1856 2617 9-

212 2646 233 2676 ε·)
254 2646 366 2677 presenti
385 2644 408 2669 2.
507 2644 525 2675 ί)
544 2646 661 2670 offerre
680 2644 704 2669 ⁴2.
800 2644 824 2676 S)
845 2645 899 2668 loco
919 2643 1220 2668 suturam—conmuniri
1239 2641 1265 2666 2:
1286 2646 1333 2666 cet.
1418 2640 1442 2671 h)
1462 2639 1632 2664 Mcccxxx.
1652 2636 1675 2662 2.
1766 2635 1783 2665 i)
1804 2636 1857 2659 loco

212 2688 509 2712 nostri—sextodecimo
528 2686 555 2711 2:
575 2692 622 2712 eet.
711 2686 735 2717 k)
755 2688 808 2712 loco
827 2695 886 2711 vero
906 2687 983 2711 tercio
1003 2685 1029 2710 2:
1050 2691 1097 2710 cet.

316 2756 341 2786 1>
362 2754 422 2787 Rey.
444 2754 503 2787 imp.
524 2753 647 2785 123438.

315 2815 353 2832 LL.
365 2813 588 2832 cossa-normes
602 2813 638 2831 VI.
1619 2798 1650 2823 Sl

1869 603 1931 629 Sept.
1943 605 1962 624 s.

1871 654 1930 680 septi
1942 656 1973 675 29.
