2205 3025
178 654 190 672 5

163 914 187 932 10

164 1170 187 1188 15

162 1737 187 1756 25

161 1995 186 2014 30

162 2250 186 2269 35

159 2503 186 2521 40

472 121 568 148 ACTA
588 121 699 148 REGNI
720 121 902 148 LUDEWICI
922 122 968 148 IV.
988 123 1033 149 ET
1054 123 1237 150 FRIDERICI
1257 125 1303 151 ΙΙΙ.
1344 125 1416 152 1329.
1453 125 1500 151 Nr.
1515 126 1573 153 536.
1796 129 1858 158 447

372 286 469 329 536.
499 286 595 329 537.
638 286 976 331 MANDATA
1006 288 1277 333 VICARII
1314 288 1699 336 GENERALIS

852 354 929 398 IN
959 354 1217 400 TUSCIA.

815 439 922 474 1329.
964 440 1038 475 Ian.
1066 440 1120 475 102.
1132 461 1182 464 —
1192 441 1251 477 23

313 558 398 593 536.
431 557 640 591 Ivlamlatmn
671 558 711 591 dc
739 558 969 602 (fflpellate‘am
992 561 1159 603 pendente
1189 562 1314 595 sicario
1345 562 1490 596 naemu.
1596 562 1675 596 Ian.
1696 564 1754 596 113.

316 641 369 671 Ea:
396 639 486 670 Aetis
509 639 564 679 (c.)
594 639 701 669 curiae
728 640 842 670 vicarii
868 641 1023 680 {femoralis
1046 642 1198 673 tabularii
1226 643 1302 681 reqii
1326 643 1454 673 Lucani
1487 643 1596 674 ‘Curia
1621 644 1665 674 (ἴθ’
1691 646 1798 676 νσΐίονῖ
1821 645 1855 677 Γ

203 692 369 732 siqnatis‘.
432 690 628 722 Contulmus
655 700 720 721 uos.
778 691 979 722 Praecedzmt
1006 693 1100 723 haec:
1150 694 1185 724 In
1213 693 1329 724 Christi
1357 695 1484 724 nomine
1510 705 1613 725 amen.
1723 696 1785 727 Hic
1810 700 1857 727 est

204 744 284 774 libor
307 743 518 784 peticionum,
548 742 805 782 suplicationum,
830 744 1082 784 responsionum,
1108 746 1364 785 requisicionum.
1390 749 1624 786 preceptorum,
1649 748 1856 778 terminorum

204 795 417 837 posicionum‚
450 793 691 829 sententiarum,
716 795 991 834 presentationum
1016 796 1298 826 instrumentorum
1324 800 1356 826 et
1379 796 1512 826 aliarum
1538 797 1733 828 diversarum
1758 799 1856 839 scrip-

204 850 346 878 turarum
365 846 450 876 curie
467 844 597 875 illustris
614 844 765 885 principis
783 849 815 875 et
832 845 951 876 domini
969 846 1089 877 domini
1105 847 1269 877 Frederici
1286 847 1347 877 Dei
1364 847 1466 888 gratia
1483 848 1606 878 comitis
1623 848 1661 879 de
1677 849 1856 890 Octinghen

206 909 263 939 pro
288 907 378 928 sacro
396 896 542 927 Romano
568 896 701 936 imperio
726 896 757 926 in
776 896 893 926 Tuscia
916 897 1025 927 vicarii
1050 898 1218 938 generalis,
1244 899 1311 928 eius
1327 898 1470 937 generali
1487 899 1674 929 viccvicario
1700 901 1855 932 existente

205 949 303 980 nobili
336 952 367 979 et
396 947 533 988 sapienti
561 948 627 977 viro
657 947 785 977 domino
811 947 890 978 Cino
920 948 959 978 de
986 948 1159 979 Castilione
1184 950 1318 979 Arctino
1347 950 1421 979 iuris
1450 950 1613 990 utriusque
1643 952 1755 990 pcrito.
1816 952 1857 982 Et

206 1001 341 1042 scriptus
372 1010 430 1040 per
459 1009 510 1029 ser
538 999 716 1029 Iohannem
751 998 836 1029 Nelli
872 999 911 1029 ‹le
943 999 1059 1030 Sancto
1088 999 1219 1030 Miniate
1250 1005 1281 1031 et
1314 1011 1370 1040 per
1398 1010 1449 1030 me
1478 1001 1609 1031 Atinum
1642 1001 1786 1042 Raynam
1817 1003 1856 1034 de

205 1052 309 1093 Papia
344 1051 502 1092 imperiali
539 1050 728 1080 auctoritate
765 1051 906 1081 notarios
937 1062 973 1081 ac
1005 1051 1088 1082 dicte
1129 1052 1214 1082 curie
1246 1052 1453 1082 cancellarios
1485 1052 1542 1082 sub
1571 1063 1652 1082 anno
1682 1054 1856 1084 nativitatis

205 1103 335 1134 Domini
360 1102 529 1133 millesimo
553 1102 779 1132 trecentesimo
797 1103 952 1142 vigesimo
978 1113 1070 1135 nono,
1096 1103 1256 1133 indicione
1275 1103 1473 1137 duodecima,
1499 1104 1529 1132 in
1554 1104 1662 1143 primis
1686 1115 1743 1134 sex
1767 1115 1856 1135 men-

206 1155 307 1190 sibus,
339 1153 450 1184 diebus
481 1157 513 1184 et
541 1153 703 1184 mensibus
732 1154 952 1194 infrascriptis.
986 1172 1027 1176 —-
1059 1154 1121 1185 Ed.
1143 1154 1259 1185 Fici-er
1287 1154 1518 1193 ιἙονευῖιιιηῃωι
1549 1164 1606 1184 ,ἴαν
1633 1155 1760 1186 Reicles-
1790 1156 1858 1186 und

206 1205 491 1245 Recletsyeschiehte
514 1204 662 1235 Italiews'
680 1205 742 1242 IV,
767 1205 830 1235 525⁸
852 1216 900 1236 vr.
919 1207 982 1235 512²
1005 1217 1042 1235 mr
1066 1217 1091 1236 c.

312 1264 510 1296 Praecedzmt
535 1265 567 1295 in
591 1276 616 1295 c.
640 1264 887 1303 szwplieatviones
911 1265 1051 1296 Martini
1075 1265 1178 1296 Pauli
1201 1267 1228 1296 el
1255 1265 1284 1296 T
1284 1265 1329 1295 e'm'
1352 1265 1493 1296 Iunctae.

312 1367 378 1398 Nos
401 1367 592 1398 Frcdericus
609 1367 670 1398 Dei
694 1369 802 1408 gracia
826 1379 932 1398 comcs
957 1368 996 1398 dc
1015 1368 1153 1407 Octingli
1179 1378 1235 1408 pro
1259 1378 1349 1398 sacro
1367 1367 1513 1397 Romano
1538 1368 1670 1407 imperio
1695 1368 1724 1397 in
1742 1367 1857 1398 Tuscia

206 1420 341 1450 vicarius
365 1419 526 1459 generalis
615 1419 752 1450 discreto
783 1420 849 1450 viro
880 1419 1053 1450 Frcdcrico
1083 1419 1122 1449 dc.
1154 1418 1284 1449 Ubertis
1316 1418 1355 1449 de
1385 1418 1548 1449 Florentia
1578 1419 1693 1449 vicario
1725 1419 1755 1448 in
1784 1429 1857 1459 pro-

162 1484 174 1495 υ
205 1471 308 1501 vincia
332 1470 421 1500 Valis
445 1470 570 1501 Nebule
595 1481 652 1511 pro
678 1471 885 1511 imperatoria
910 1472 1079 1501 maiestate
1169 1471 1315 1501 salutem.

311 1521 395 1552 Ecce
420 1521 504 1562 quod
529 1521 740 1552 Francischus
764 1522 899 1552 Mercati
923 1523 1064 1552 notarius
1094 1522 1312 1562 procuratorio
1342 1522 1468 1551 nomine
1500 1532 1555 1561 pro
1580 1520 1716 1551 Martino
1741 1521 1857 1551 Pardis*

205 1576 236 1603 et
261 1584 318 1613 pro
343 1573 423 1603 Tino
449 1573 560 1603 Iuncte
586 1573 625 1603 dc
650 1573 778 1603 Utliano
804 1584 911 1603 coram
937 1573 1028 1603 nobis
1053 1574 1229 1614 appellavit
1253 1583 1270 1603 a
1295 1572 1433 1613 quadam
1459 1572 1766 1612 condempnacione.
1796 1583 1856 1613 que

206 1624 320 1654 dicitur
350 1635 407 1665 per
435 1635 491 1654 vos
519 1624 604 1654 facta
634 1624 673 1655 de
705 1624 789 1654 dicto
815 1625 953 1655 Mai-tino
983 1624 1021 1655 de
1052 1624 1122 1655 libr.
1137 1624 1231 1654 XXV
1264 1624 1468 1654 denariorum
1499 1624 1666 1654 occasione
1694 1623 1857 1654 cuiusdam

206 1676 343 1706 vulneris
368 1679 399 1706 et
424 1675 556 1706 insultus
585 1676 660 1706 facti
690 1679 723 1706 ut
752 1676 866 1707 dic-itur
896 1687 954 1716 per
984 1676 1087 1716 ipsum
1112 1676 1284 1706 Mai-tinum
1314 1677 1344 1705 in
1373 1685 1542 1716 personam
1567 1675 1678 1706 Riochi
1702 1675 1855 1707 Boname.

207 1730 238 1758 ct
268 1737 286 1757 a
316 1726 505 1767 quibusdam
543 1727 889 1767 condempnacionibus
924 1727 1015 1757 factis
1047 1738 1104 1768 por
1140 1738 1194 1756 vos
1230 1726 1270 1757 de
1305 1727 1373 1767 ipso
1403 1726 1482 1756 Tino
1517 1726 1557 1756 dc
1587 1726 1656 1756 libr.
1680 1725 1795 1756 XVIII
1826 1730 1857 1756 et

205 1778 262 1810 sol.
280 1777 343 1808 XV
368 1779 398 1808 in
423 1789 485 1808 una
508 1782 600 1818 parte
629 1782 661 1809 et
690 1778 729 1809 dc
754 1779 824 1809 aliis
848 1779 919 1809 libr.
938 1779 1052 1809 XVIII
1083 1782 1115 1809 et
1138 1779 1196 1808 sol.
1213 1778 1275 1808 XV
1307 1779 1336 1807 in
1368 1788 1430 1808 una
1461 1778 1524 1807 alia
1548 1782 1638 1817 parte
1668 1782 1699 1807 et
1724 1776 1763 1807 de
1787 1777 1855 1807 libr.

204 1829 304 1859 tribus
328 1829 531 1860 donariorum
555 1830 586 1860 in
611 1840 673 1860 una
696 1831 759 1860 alia
783 1834 874 1870 part(-
900 1841 956 1871 pro
983 1831 1076 1861 certis
1101 1830 1280 1861 malleficiis
1305 1833 1337 1859 et
1361 1828 1575 1863 excessibusb.
1602 1838 1663 1869 que
1689 1828 1799 1859 debuit
1822 1831 1856 1857 ut

205 1880 320 1910 dicitur
344 1881 526 1916 comittere,
551 1881 687 1911 (licendo
717 1882 802 1922 ipsas
826 1882 959 1912 iniustas
983 1885 1015 1912 et
1039 1882 1164 1922 iniquas
1188 1892 1257 1912 esse
1281 1884 1313 1911 et
1336 1880 1417 1910 latas
1441 1883 1552 1910 contra
1576 1880 1661 1920 ipsos
1684 1880 1856 1910 Martinum

205 1935 237 1961 et
261 1931 375 1962 Tinum
400 1933 476 1972 ipsis
498 1932 637 1963 Martino
663 1936 695 1963 et
719 1932 800 1963 Tino
826 1944 886 1963 non
912 1933 1123 1963 existentibus
1148 1932 1358 1973 culpabilibus
1383 1931 1423 1961 de
1453 1931 1528 1969 hiis,
1560 1941 1617 1971 pro
1646 1931 1759 1972 quibus
1782 1941 1855 1970 pro-

205 1992 330 2013 cessum
355 1983 414 2013 fuit
438 1993 496 2024 per
520 1994 575 2014 vos
600 1988 710 2014 contra
739 1995 794 2015 cos
823 1984 863 2014 ad
889 1984 990 2014 dictas
1014 1984 1336 2024 condciiil)nacioiieS‚
1361 1986 1394 2013 ut
1418 1983 1447 2012 in
1473 1982 1564 2012 dictis
1588 1981 1856 2023 appellationibus

204 2033 329 2073 plenius
354 2035 543 2064 continetur.
591 2034 699 2069 Quare
724 2046 794 2065 cuni
821 2035 945 2075 questio
970 2034 1126 2066 dictarum
1151 2034 1402 2075 appellationum
1427 2034 1467 2064 ad
1492 2045 1548 2064 nos
1571 2034 1730 2074 pertineat
1746 2034 1855 2072 vigore

204 2086 303 2115 nostri
327 2085 487 2125 generalis
511 2085 618 2125 officii,
644 2097 739 2127 quein
765 2086 945 2116 obtinemus
970 2097 1026 2127 pro
1051 2086 1258 2127 imperatoria
1282 2086 1450 2116 maiestate
1474 2085 1505 2115 in
1533 2088 1599 2115 tota
1617 2084 1741 2119 Tuscia,
1766 2083 1856 2114 vobis

204 2135 393 2166 mandamus
422 2138 570 2177 quatinus
602 2137 816 2178 pendentibus
841 2137 931 2168 <lictis
961 2137 1231 2178 appellationibus
1255 2137 1422 2167 occasione
1452 2136 1607 2167 dictarum
1639 2135 1855 2176 condempna-

204 2186 325 2217 tionum
349 2190 459 2218 contra
483 2189 570 2229 ipsos
594 2189 767 2220 Martinum
792 2192 824 2219 et
847 2189 962 2219 Tinum
987 2189 1106 2219 nullam
1135 2189 1261 2219 faciatis
1289 2188 1464 2218 novitatem
1490 2192 1521 2218 et
1545 2187 1630 2228 quod
1655 2187 1761 2217 onmia
1785 2190 1856 2216 acta

207 2240 239 2267 et
263 2248 430 2278 processus
460 2238 586 2279 fact(os)
613 2240 698 2271 dicta
729 2240 768 2271 de
798 2251 893 2270 causa
925 2240 1016 2270 dictis
1043 2240 1181 2270 Martino
1211 2243 1243 2271 et
1271 2239 1350 2270 Tino
1384 2240 1415 2269 in
1451 2239 1553 2270 forma
1582 2239 1710 2279 publica
1740 2238 1854 2268 salario

204 2290 400 2330 competenti
429 2290 514 2321 exibi
545 2291 680 2322 faciatis.
730 2291 772 2322 Et
800 2293 825 2321 si
856 2290 1081 2333 questio[nem]
1113 2291 1269 2322 dictarum
1298 2290 1549 2331 appellationum
1579 2290 1618 2320 ad
1648 2300 1702 2319 vos
1731 2299 1787 2320 seu
1814 2287 1855 2318 ad

204 2339 302 2370 aliam
332 2351 505 2381 personam
539 2342 713 2373 crederetis
743 2343 919 2383 pertinere,
956 2353 1063 2373 coram
1098 2342 1189 2372 nobis
1220 2342 1300 2372 infra
1324 2341 1362 2372 V.
1393 2341 1478 2371 diem
1515 2340 1584 2382 [per
1610 2340 1678 2382 vos]
1713 2350 1769 2370 seu
1798 2350 1855 2380 per

203 2390 405 2432 legiptimum
435 2393 656 2433 responsalem
680 2404 866 2434 comparere
891 2394 1008 2424 curetis
1032 2393 1211 2424 obstensuri
1242 2392 1281 2423 de
1306 2394 1373 2423 iure
1398 2396 1502 2422 vestro
1527 2396 1558 2422 et
1582 2392 1739 2432 recepturi
1764 2390 1852 2421 debi-

204 2444 270 2472 tum
294 2443 434 2474 rationis.

312 2493 386 2524 Dat.
410 2495 509 2533 Luce.
535 2495 586 2526 die
611 2495 686 2526 XII.
712 2495 861 2535 Ianuarii,
886 2495 961 2525 XII.
987 2495 1161 2527 indieionis.

306 2603 373 2630 536.
402 2606 424 2637 ⁸)
443 2605 490 2630 Pdi
509 2615 529 2631 c.
618 2606 641 2638 1’)
661 2607 805 2631 excelsibus
825 2615 844 2630 c.

307 2690 332 2721 1)
354 2690 394 2721 (5f,
415 2690 470 2716 1000
493 2699 578 2724 supra
600 2698 660 2723 pag).
679 2694 726 2716 416
748 2692 802 2716 vot.
816 2694 829 2715 1
853 2690 933 2716 citato
953 2690 977 2721 I,
993 2693 1036 2721 93,
1063 2691 1172 2723 itemque
1196 2690 1279 2715 alium
1299 2689 1408 2715 Lt'brnm
1428 2689 1588 2722 petitionmn
1614 2690 1636 2712 ct
1657 2686 1767 2711 Librum
1787 2684 1851 2709 lmu-

207 2738 300 2757 norum
320 2733 433 2758 eiusdem
451 2733 546 2759 vicarii
562 2733 700 2766 yeneralis,
720 2741 787 2765 quae
805 2733 897 2759 ibidem
918 2734 941 2765 Ι,
955 2737 986 2760 92
995 2741 1032 2766 sq.
1051 2733 1220 2759 indicantur.
