2205 3025
424 102 521 129 ACTA
541 103 652 140 R-EGNI
672 103 855 130 LUDEWICI
874 104 920 130 IV.
940 104 984 130 ET
1005 104 1188 131 FRIDERICI
1208 105 1255 130 III.
1295 104 1368 131 1329.
1405 104 1452 130 Nr.
1467 104 1524 131 588.
1544 105 1601 132 589.
1621 105 1679 132 590.
1816 110 1873 139 491

232 199 408 229 eorumque
432 199 587 229 sequaces
612 189 821 229 corporaliter
844 191 1063 230 prestiteruntq
1094 194 1360 231 recognoscentes
1387 202 1421 222 se
1451 192 1534 222 circa
1564 202 1618 231 ea,
1649 203 1709 233 que
1735 192 1878 224 fecerant

232 250 309 280 erga
333 239 464 270 eosdem
481 239 613 270 Petrum
638 242 670 270 et
686 240 856 279 Bavarum,
882 251 1003 271 errasse
1028 242 1180 281 graviter,
1205 252 1243 272 ea
1268 242 1447 282 quathenus
1471 242 1511 272 de
1536 243 1620 273 facto
1646 248 1877 284 processerant,

231 293 384 332 quantum
407 290 449 320 ad
471 290 557 330 ipsos
580 291 740 330 pertinere
758 294 893 331 poterat,
917 291 1138 322 nichilominus
1162 292 1352 324 revocando.
1399 294 1457 323 Vir
1481 296 1587 324 autem
1611 295 1663 325 ille
1681 296 1877 326 scismaticus

231 345 264 373 et
292 341 454 372 hereticus
476 341 615 371 Michael
646 341 685 371 de
710 341 834 372 Cesena
861 353 924 372 una
954 353 1024 373 cum
1048 342 1166 379 Bona·q
1190 354 1264 383 ymo
1287 344 1393 374 verius
1417 344 1608 385 Malagratia
1636 356 1692 376 suo
1721 347 1876 387 complice

199 404 210 422 ⁵
231 392 270 423 de
293 392 377 423 Pisis
406 393 573 423 exiverunt
602 402 672 422 cum
701 392 827 422 Bavaro
857 396 889 423 et
916 403 987 423 cum
1016 404 1053 424 eo
1082 399 1295 434 pervenerunt
1323 406 1423 436 usque
1457 395 1646 427 Cremonam
1676 401 1708 427 et
1738 397 1878 428 creditur

230 443 316 485 quod
340 453 373 474 se
397 443 437 474 ab
463 453 501 473 eo
525 453 587 473 non
612 443 731 473 debent
754 453 914 484 separare.

337 494 412 527 Dat.
436 494 495 525 III.
513 494 595 524 Non.
613 494 706 532 Iunii,
730 505 812 524 anno
837 495 1069 526 tertiodecimo.

301 644 374 678 589.
410 641 691 679 LUDEWICI
714 642 1027 678 MANDATUM
1053 643 1225 679 SUPER
1249 643 1448 679 STURIS
1475 644 1811 682 IUDAEORUM.

902 710 1006 745 1329.
1047 710 1128 746 Iun.
1160 711 1215 746 14.

188 808 212 826 ιο
342 794 440 833 Copia
471 795 503 825 in
531 795 723 824 transsumto
752 795 814 832 (tr.)
844 803 873 823 (ι.
897 793 990 824 1330.
1025 793 1096 824 Ian.
1118 793 1160 823 29
1192 794 1329 834 confecto
1360 795 1515 825 tabularii
1545 796 1682 826 civitatis
1709 796 1877 836 Spirensis,

232 846 324 876 cuius
346 845 481 885 sz'yz'llum
504 845 700 890 dgsz‘deratur
723 845 799 875 loris
823 844 1065 875 membranaceus
1088 844 1204 875 relictis
1218 846 1238 875 ¹.
1289 846 1486 877 Contulimus
1510 857 1572 878 uros.
1598 865 1639 869 —
1663 847 1723 878 Ed.
1741 848 1879 887 Hilaard

231 897 420 929 ‘Urlcwzden
442 907 501 928 zur
527 896 704 928 Gesclzz'chtc
727 896 781 926 der
803 895 894 926 Stadt
917 895 1048 935 Speyer·
1066 907 1101 935 p.
1119 897 1182 926 311
1206 907 1254 927 nr.
1272 897 1333 927 385
1358 908 1396 927 eJ:
1419 900 1455 927 tr.

342 957 484 993 Bo‘lmzer,
509 956 585 995 Rea.
603 955 712 987 Ludw.
733 966 764 994 p.
782 956 846 985 358
868 966 916 987 nr.
934 956 1018 985 3250
1043 956 1164 991 (Addit.
1182 956 1268 996 III).

338 1034 528 1065 Ludewicus
555 1033 617 1064 Dei
645 1034 755 1074 gracia
783 1033 1002 1064 Romanorum
1035 1034 1210 1074 imperator
1242 1044 1370 1074 semper
1401 1037 1553 1074 augustus
1589 1034 1629 1064 ad
1658 1036 1877 1067 universorum

187 1097 211 1115 15
231 1086 379 1117 noticiam
404 1085 550 1116 volumus
574 1085 740 1126 pervenire
765 1090 797 1114 et
821 1084 946 1125 publico
973 1085 1171 1125 profitemur,
1203 1084 1287 1125 quod
1312 1095 1369 1115 nos
1394 1085 1571 1115 honorabili
1601 1086 1667 1116 viro
1691 1086 1876 1118 Hermanno

230 1137 270 1168 de
294 1136 513 1178 Liehtenberg
537 1136 726 1167 cancellario
751 1139 858 1166 nostro
884 1135 1001 1166 dilecto
1020 1135 1165 1166 dedimus
1190 1139 1222 1166 et
1246 1135 1358 1166 damus
1382 1147 1439 1176 per
1456 1140 1621 1176 presentes
1644 1137 1778 1168 liberam
1802 1149 1877 1169 auc-

230 1189 393 1219 toritatem
417 1198 454 1219 ac
470 1187 646 1229 plenariam
665 1190 858 1228 potestatem
884 1197 902 1217 a
920 1187 1029 1217 Iudeis
1046 1197 1172 1217 camere
1196 1190 1303 1217 nostre
1328 1188 1426 1217 servis
1444 1188 1598 1218 universis
1624 1199 1681 1228 per
1697 1188 1877 1220 Romanum

230 1241 399 1281 imperium
423 1239 601 1270 constitutis
625 1242 728 1269 sturas
753 1241 785 1269 et
809 1238 994 1268 exactiones
1018 1239 1188 1278 preteritas
1212 1249 1274 1268 non
1293 1238 1412 1268 solutas
1436 1249 1473 1268 ac
1490 1239 1611 1269 futuras
1628 1243 1733 1270 nostro
1752 1241 1878 1271 nomine

230 1291 361 1333 petendi
385 1294 417 1321 et
441 1289 591 1331 exigendi
619 1301 656 1320 ac
683 1290 814 1320 eosdem
843 1300 862 1320 a
886 1289 977 1319 dictis
1002 1290 1095 1319 sturis
1125 1292 1157 1319 et
1181 1289 1402 1320 exactionibus
1431 1290 1545 1320 litteris
1579 1291 1642 1320 suis
1674 1291 1817 1331 quitandi
1847 1294 1879 1322 et

187 1353 212 1372 20
232 1342 432 1380 absolvendi.
462 1345 571 1383 pacta,
597 1342 828 1372 convenciones
858 1352 929 1371 cum
960 1341 1052 1371 (lictis
1076 1340 1184 1371 Iudeis
1214 1340 1253 1371 de
1282 1351 1363 1371 novo
1394 1341 1530 1372 faciendi
1560 1352 1596 1371 ac
1629 1342 1707 1372 alias
1734 1352 1791 1383 per
1821 1353 1878 1373 nos

231 1394 330 1425 factas
354 1393 561 1425 confirmandi
585 1396 616 1423 et
639 1392 827 1429 renovandi5
852 1396 946 1432 prout
970 1392 1029 1422 sibi
1054 1392 1167 1422 melius
1190 1391 1349 1422 videbitur
1373 1392 1537 1433 expedire.
1579 1392 1621 1422 Et
1644 1392 1797 1433 quidquid
1821 1404 1878 1434 per

231 1446 368 1477 eundem
400 1445 626 1476 cancellarium
654 1448 796 1475 nostrum
832 1444 951 1474 factum
987 1443 1082 1474 fuerit
1117 1444 1147 1473 iu
1177 1444 1353 1484 premissis,
1387 1444 1581 1474 ratificamus
1617 1448 1649 1475 et
1678 1445 1878 1485 presentibus

231 1497 438 1528 affirmamus.
484 1497 641 1532 Quocirca
664 1495 853 1526 mandamus
877 1495 1023 1526 omnibus
1047 1495 1103 1525 sub
1128 1495 1274 1525 Romano
1298 1495 1433 1535 imperio
1459 1496 1650 1533 constitutis,
1680 1507 1775 1536 super
1799 1508 1877 1537 quo-

231 1560 299 1579 rum
323 1548 593 1579 iurisdictionibus
617 1552 671 1578 aut
696 1547 889 1578 districtibus
913 1546 1046 1587 predicti
1072 1546 1163 1576 Iudei
1188 1550 1421 1583 conmorantur„
1447 1557 1484 1576 ac
1510 1548 1585 1587 ipsis
1611 1547 1717 1578 Iudeis
1742 1549 1877 1589 precipi-

188 1609 211 1628 25
231 1611 310 1640 mus,
336 1600 484 1641 quatinus
500 1600 721 1640 prenominato
739 1599 930 1630 cancellario
947 1601 1054 1628 nostro
1080 1599 1109 1628 iu
1126 1597 1278 1638 predictis
1304 1598 1456 1628 obediant
1481 1605 1512 1628 et
1536 1598 1700 1628 intendant
1724 1609 1781 1629 nec
1806 1609 1877 1630 eum

233 1653 264 1682 in
288 1651 469 1682 huiusmodi
486 1651 681 1682 execucione
699 1650 885 1691 impediant,
911 1650 991 1680 sicut
1008 1649 1265 1690 indignacionem
1290 1653 1431 1679 nostram
1449 1649 1605 1679 voluerint
1623 1649 1753 1680 evitare.
1842 1651 1878 1681 In

231 1713 365 1744 quorum
391 1703 590 1733 evidenciam
615 1705 647 1733 et
670 1701 792 1732 roboris
816 1702 999 1732 firmitatem
1025 1700 1083 1731 sibi
1108 1704 1274 1741 presentes
1298 1701 1419 1731 litteras
1444 1704 1549 1731 nostre
1574 1701 1750 1731 maiestatis
1774 1702 1877 1742 sigillo

232 1753 378 1785 dedimus
402 1754 611 1784 communitas.

338 1805 458 1836 Datum
482 1806 513 1835 iu
537 1805 647 1835 castris
671 1804 756 1846 apud
781 1804 1009 1838 Mediolanum,
1040 1803 1090 1833 dic
1115 1803 1225 1833 XIIII.
1250 1804 1367 1833 mensis
1392 1803 1489 1837 Iunii,
1515 1814 1596 1833 :nino
1622 1803 1749 1833 Domini
1775 1804 1876 1835 mille-

188 1867 212 1885 30
231 1857 311 1887 simo
336 1858 560 1887 trecentesimo
585 1857 736 1887 vicesimo
760 1866 854 1893 nono,
879 1856 968 1896 regni
993 1855 1090 1885 nostri
1115 1865 1196 1884 aimo
1221 1854 1293 1889 XV*
1319 1855 1444 1895 imperii
1470 1864 1544 1884 vero
1568 1854 1718 1884 secundo.

317 2014 390 2048 590.
426 2012 673 2048 EIUSDEM
698 2012 1068 2049 PRIVILEGIUM
1093 2010 1199 2047 PRO
1225 2010 1489 2047 COMMUNI
1519 2010 1791 2046 VIGEVANI.

904 2081 1008 2115 13929.
1050 2081 1130 2114 Iun.
1156 2080 1211 2114 16.

341 2163 502 2203 Ονίμίηαῖυ
525 2164 560 2193 m
583 2162 739 2193 tabulario
762 2163 899 2193 civitatis
929 2161 1158 2201 Viqemnensss.
1208 2160 1404 2192 Censuimus
1428 2169 1490 2190 νιος.
1537 2159 1689 2199 Ξίμίῖἷπυι,
1712 2160 1794 2199 qnod
1813 2161 1879 2198 filis

230 2215 338 2245 sericis
354 2215 518 2253 pendebat,
542 2214 748 2250 desideratur,
771 2213 986 2253 fbrcmzinibzts
1010 2213 1133 2243 relictis,
1171 2231 1210 2234 —
1245 2212 1305 2242 Ed.
1326 2211 1460 2242 Bijhmer
1488 2212 1579 2241 ‘Aeta
1607 2212 1731 2251 ‘imperii
1757 2212 1878 2242 selecta'

189 2279 212 2297 35
226 2276 260 2304 p.
276 2267 340 2296 496
362 2277 411 2296 nr.
430 2267 492 2297 7:27
514 2277 552 2297 ex
576 2267 653 2297 libro
676 2266 767 2304 impr.

338 2325 483 2363 Bo‘hmer,
509 2325 583 2366 Rey.
601 2326 712 2356 L'zcdw.
731 2336 765 2366 p.
781 2325 844 2355 319
868 2334 916 2354 ην.
933 2324 1019 2354 2967
1042 2323 1166 2362 (Addit.
1183 2323 1246 2359 II).

335 2420 360 2451 1)
386 2419 471 2444 Verba
494 2419 653 2444 trmzsswnti
670 2419 733 2444 haec
755 2421 832 2443 sunt.-
924 2416 981 2442 Nos
1000 2437 1025 2442 ..
1046 2416 1152 2442 iudices
1176 2416 1250 2441 curie
1274 2415 1411 2449 Spirensis
1435 2417 1529 2441 tenore
1552 2414 1723 2448 presencium
1747 2423 1874 2447 recogno-

232 2460 333 2487 scimus
352 2463 380 2487 et
404 2461 517 2495 publice
543 2462 705 2495 profitemur
730 2469 780 2486 nos
797 2460 920 2486 litteram
939 2459 1126 2492 subscriptam
1146 2467 1211 2484 vero
1234 2458 1401 2485 serenissimi
1424 2457 1529 2483 domini
1550 2457 1689 2482 Ludewici
1709 2456 1758 2482 Dei
1781 2457 1877 2489 gracia

233 2504 417 2530 Romanorum
437 2504 613 2537 imperatoris
636 2506 664 2530 et
687 2512 796 2536 semper
815 2502 927 2536 augusti
947 2502 1041 2535 sigillo
1060 2501 1228 2534 sigillatam,
1253 2510 1306 2527 non
1326 2500 1473 2530 abohtam,
1500 2508 1552 2526 non
1577 2499 1760 2525 cancellatam
1780 2507 1829 2524 nec
1848 2498 1875 2523 in

188 2554 214 2572 40
232 2547 328 2580 aliqua
347 2547 389 2572 sui
408 2549 488 2580 parte
507 2547 639 2573 viciatam
660 2546 761 2572 vidisse
781 2547 809 2571 et
828 2554 888 2571 eam
908 2545 941 2571 de
961 2545 1044 2571 verbo
1063 2545 1098 2570 ad
1119 2544 1230 2570 verbum
1250 2543 1400 2577 perlegisse
1419 2543 1447 2568 in
1468 2544 1517 2568 hec
1537 2542 1631 2567 verba:

317 2589 490 2615 ‘Ludewicus
509 2589 559 2615 Dei
578 2589 675 2623 gracia
689 2588 844 2622 —imperii
865 2596 928 2613 vero
947 2586 1086 2613 secundo.²
1113 2594 1198 2619 supra
1216 2594 1257 2611 mn
1274 2589 1329 2612 589.

318 2633 348 2658 In
362 2632 439 2658 cuius
450 2632 564 2658 visionis
574 2633 603 2658 et
614 2631 793 2665 perlectionis
804 2630 993 2657 testimonium
1008 2629 1130 2662 sigillum
1143 2628 1217 2655 curie
1227 2630 1320 2654 nostre
1330 2628 1507 2661 presentibus
1521 2626 1645 2652 duximus
1656 2623 1874 2658 appevdendum.

319 2675 422 2701 Datum
448 2683 519 2701 anno
543 2674 655 2700 Domini
683 2673 831 2700 millesimo
855 2671 1012 2699 CCCXXX.
1042 2671 1111 2697 feria
1139 2671 1260 2697 secunda
1290 2671 1415 2704 proxima
1446 2671 1509 2695 ante
1543 2668 1766 2701 purificacionem
1794 2666 1874 2691 beate

234 2717 321 2743 Marie
340 2717 456 2751 virginis
475 2717 602 2750 gloriose.

1672 2761 1719 2786 62*
