2205 3025
372 176 432 204 (ὡς
811 167 905 194 ACTA
926 166 1039 193 REGNI
1061 165 1243 191 LUDEWICI
1263 164 1308 190 IV.
1347 164 1420 190 1330.
1457 163 1504 189 Nr.
1518 163 1576 189 814.

371 256 599 298 prolationibus
624 259 655 285 ct
679 254 841 285 beneficiis
865 263 901 283 ac
925 253 971 284 eis
995 253 1034 283 de
1060 252 1143 283 facto
1167 251 1327 282 hereticos
1351 261 1406 281 scu
1430 250 1625 280 scismaticos
1649 250 1851 290 subrogando
1876 250 2016 290 ipsisque

371 309 518 339 hereticis
548 311 579 337 ct
611 306 797 337 scismaticis
825 308 935 334 contra
968 304 1142 334 catholicos
1175 302 1377 343 iupertiendo
1409 301 1550 332 favorem
1582 304 1614 331 et
1644 301 1808 331 consilium
1839 311 1876 331 ac
1904 300 2017 331 fideles

371 362 455 400 ipsos
483 359 652 388 inmaniter
680 355 913 397 persequendo.
961 355 1113 385 Profecto
1141 355 1222 385 sicut
1251 354 1294 384 fili
1328 353 1540 394 probabiliter
1567 352 1759 383 arbitramur
1789 356 1821 382 et
1848 352 2016 388 credimus,

371 411 455 451 quod
480 411 504 440 si
529 409 567 440 ad
594 409 780 439 memoriam
806 411 838 437 tu
863 410 895 437 et
918 407 993 437 dicti
1017 406 1176 446 principes
1200 405 1443 436 revocavissetis
1468 403 1628 445 predicta,
1653 403 1834 434 nullatenus
1858 403 2018 433 dixissetis

368 464 469 503 ipsum
495 470 661 491 remancre
686 460 716 489 in
742 469 840 499 regno
865 462 897 489 et
920 458 1054 498 imperio
1078 457 1119 487 ad
1136 457 1307 487 utilitatem
1332 459 1364 486 et
1380 456 1534 486 honorem
1552 458 1676 486 nostros
1700 458 1732 486 et
1753 455 1889 486 ecclesie
1912 458 2018 485 vestro

368 513 484 543 iudicio
509 512 677 552 pertinere.
727 509 896 545 Quomodo
926 513 1035 549 posset
1059 508 1099 539 ad
1123 508 1294 538 utilitatem
1319 511 1350 538 et
1380 508 1535 537 honorem
1563 506 1698 537 ecclesie
1726 506 1903 547 pertinere,
1934 505 2019 547 quod

370 566 416 594 vir
439 568 504 594 tam
530 562 682 603 reprobus
713 561 752 591 de
785 561 919 591 fautoria
943 560 1157 591 hereticorum
1187 562 1219 590 et
1246 559 1352 589 heresi
1380 559 1462 589 iusto
1492 558 1745 598 condempnatus
1773 557 1890 588 iudicio
1919 567 2018 598 regno

372 620 402 646 et
427 614 561 655 imperio
586 613 777 654 presideret,
807 613 859 652 qui
891 612 988 642 etiam
1017 611 1295 651 impresentiarum
1326 610 1485 640 hereticos
1517 609 1547 638 iu
1578 619 1635 639 suo
1666 608 1764 639 habet
1792 609 1955 639 consorcio
1988 612 2019 639 et

370 669 523 707 quantum
548 665 588 695 ad
613 664 744 695 clericos
768 664 983 694 hereticorum
1008 666 1039 693 et
1063 662 1316 692 scismaticorum
1341 661 1472 692 consilio
1498 661 1705 701 gubernatur.
1752 660 1855 690 Tenet
1880 660 1963 690 enim
1987 661 2018 690 in

370 729 426 748 suo
451 717 614 748 oonsorvio
639 716 792 746 Iacobum
818 714 936 744 dudum
962 714 1180 744 Castellanum
1210 713 1395 753 episcopum
1421 713 1604 743 Castellano
1634 713 1819 752 episcopatu
1850 712 2017 752 privatum,

370 780 463 810 quem
488 769 519 798 in
536 767 798 798 anticardinalem
824 766 863 796 de
889 766 972 796 facto
990 766 1088 796 creari
1114 775 1170 805 per
1190 765 1349 805 prefatum
1367 764 1524 802 P(etrum“)
1542 763 1582 793 de
1603 762 1756 793 Corbario
1773 763 1859 793 idem
1876 763 2020 793 Bavarus

370 820 566 861 procuravit,
591 819 666 849 item
692 818 882 848 Micliaelcm
909 817 948 847 de
973 816 1098 847 Cesena
1123 816 1196 847 olim
1222 815 1340 847 ordinis
1368 816 1500 846 fratrum
1526 815 1683 845 Minorum
1714 814 1899 855 generalem
1927 815 2019 844 mini-

370 875 479 909 strum,
505 871 557 911 qui
582 871 645 900 suis
663 869 865 910 exigentibus
882 868 1046 899 demeritis
1063 871 1111 898 est
1134 867 1360 908 pronunciatus
1377 867 1536 897 hereticus
1561 870 1593 897 et
1617 866 1655 896 de
1681 866 1786 896 heresi
1803 866 2019 906 condempna-

372 927 435 961 tus,
468 922 675 952 Guillelmum
711 930 838 961 quoque
869 920 908 950 de
938 919 1043 950 Okam
1075 919 1246 959 Anglicum
1278 919 1407 949 fratrem
1442 918 1560 948 ordinis
1585 917 1742 948 Minorum
1774 917 2021 956 heresiarcham,

372 975 424 1015 qui
448 974 578 1004 hereses
602 973 705 1003 varias
730 971 968 1013 dogmatizabat
991 971 1119 1011 publice
1145 973 1177 1001 et
1200 971 1317 1010 scripta
1341 970 1463 1000 fecerat
1486 969 1652 1000 heresibus
1676 971 1708 999 et
1732 968 1891 999 erroribus
1915 969 2020 1009 plena⁷

372 1028 502 1066 propter
526 1035 587 1066 que
613 1024 717 1054 fuerat
741 1027 871 1054 vocatus
896 1022 936 1053 ad
960 1023 1080 1053 curiam
1106 1023 1236 1062 eiusque
1262 1022 1379 1062 scripta
1404 1020 1530 1051 fueraut
1555 1020 1698 1061 pluribus
1715 1020 1898 1050 doctoribus
1922 1020 2022 1060 assig-

371 1081 456 1113 nata,
481 1080 515 1106 ut
539 1087 577 1106 ea
601 1075 757 1106 deberent
780 1075 965 1105 examinare
990 1084 1061 1104 cum
1078 1073 1246 1113 diligentia
1271 1076 1303 1103 et
1327 1082 1389 1113 que
1406 1073 1585 1103 invenirent
1600 1071 1787 1102 hereticalia
1811 1082 1865 1102 seu
1890 1081 2024 1103 erronea

373 1128 589 1165 declararent,
618 1128 670 1168 qui
696 1127 758 1157 iam
783 1127 900 1156 multos
923 1125 1074 1156 articulos
1098 1125 1290 1155 hereticales
1315 1124 1573 1157 declaraverunt,
1606 1124 1657 1164 qui
1690 1123 1819 1164 quidem
1851 1123 1934 1154 male
1965 1123 2024 1153 sibi

372 1181 515 1210 conscius
540 1179 613 1219 fuge
639 1178 777 1219 presidio
803 1178 903 1208 vitare
932 1177 1033 1207 voluit
1057 1177 1242 1206 canonicam
1268 1176 1436 1210 ultionem,
1468 1175 1697 1215 Bonagratiam
1722 1175 1851 1215 insuper
1879 1174 1919 1204 de
1943 1174 2023 1204 Per-

372 1242 467 1272 gamo
492 1231 610 1261 ordinis
634 1231 764 1260 fratrum
782 1230 950 1262 Minoi-um,
975 1229 1026 1269 qui
1051 1229 1115 1258 suis
1140 1228 1304 1258 demeritis
1329 1227 1531 1267 exigentibus
1554 1227 1584 1256 in
1610 1227 1696 1257 curia
1720 1225 1826 1256 fuerat
1849 1228 2022 1257 arrestatus

374 1286 406 1313 et
430 1283 607 1312 iuramento
633 1282 776 1321 prestito,
801 1280 885 1321 quod
910 1279 950 1310 de
976 1280 1062 1310 curia
1086 1290 1147 1309 non
1172 1279 1340 1310 recederet
1363 1278 1483 1319 absque
1509 1278 1637 1308 licentia
1653 1277 1829 1318 apostolice
1847 1277 1941 1315 sedis,
1966 1277 2022 1307 ob-

373 1334 499 1374 ligatus,
525 1334 576 1373 qui
602 1333 685 1363 male
710 1332 856 1362 similiter
879 1331 937 1361 sibi
962 1331 1105 1361 conscius
1129 1330 1168 1360 de
1193 1331 1279 1361 curia
1303 1330 1343 1360 ad
1368 1330 1470 1370 ipsum
1488 1329 1647 1359 Bavarum
1673 1332 1705 1359 et
1728 1329 1861 1359 Petrum
1886 1328 1926 1359 de
1944 1328 2022 1359 Cor-

374 1385 463 1415 bario
488 1394 550 1414 una
574 1395 644 1414 cum
668 1382 827 1413 Michaele
852 1386 883 1413 et
907 1382 1080 1412 Guillelmo
1110 1381 1260 1422 predictis
1284 1392 1411 1422 gressus
1442 1392 1515 1410 suos
1544 1380 1688 1410 infelices
1719 1380 1858 1420 dirigere
1891 1390 2022 1411 curave-

374 1440 455 1467 runt.
492 1435 667 1465 Mai-silium
692 1444 819 1475 quoque
844 1434 883 1464 de
901 1434 1013 1463 Padua
1031 1433 1301 1474 condempnatum
1326 1433 1365 1463 de
1388 1433 1492 1463 heresi
1517 1432 1547 1461 in
1572 1442 1628 1462 sua
1645 1431 1861 1462 familiaritate
1879 1431 2023 1462 detincre

376 1488 538 1528 presumit.
585 1486 715 1516 Talibus
740 1490 788 1516 est
811 1486 946 1525 stipatus
970 1485 1164 1521 consiliariis,
1190 1485 1300 1514 talium
1325 1484 1467 1521 consilio,
1492 1494 1531 1514 ne
1549 1483 1691 1513 dicamus
1715 1483 1881 1523 decipitur,
1905 1482 2020 1523 guber·
2042 1492 2052 1510 ι)

376 1542 477 1569 natur.
535 1537 671 1573 Qualem
696 1538 802 1577 itaque
828 1540 935 1577 posset
959 1536 998 1566 de
1023 1537 1076 1566 tali
1103 1536 1231 1566 homine
1255 1535 1374 1565 habere
1400 1535 1536 1565 ecelesia
1561 1534 1783 1565 defensorem?
1824 1534 1857 1564 Si
1882 1536 1965 1564 enim
1990 1535 2021 1564 in

376 1590 464 1621 arido
489 1589 520 1619 id
545 1593 592 1620 est
615 1590 681 1619 sine
706 1592 789 1619 statu
814 1589 872 1618 uisi
896 1592 1047 1628 usurpato
1072 1592 1136 1617 tam
1161 1587 1298 1618 crudelis
1321 1587 1379 1616 sibi
1405 1591 1589 1627 persecutor
1613 1586 1764 1622 extiterit,
1790 1586 1891 1626 qualis
1916 1585 2021 1616 eidem

377 1645 470 1682 putas
494 1642 661 1673 existeret,
687 1641 711 1670 si
736 1641 764 1669 in
790 1640 901 1669 viridi¹
926 1640 985 1669 hoc
1011 1642 1058 1669 cst
1082 1640 1111 1669 in
1136 1642 1218 1669 statu
1244 1639 1344 1669 solido
1369 1649 1402 1669 se
1427 1637 1589 1669 videret¹¹‘!
1636 1637 1757 1668 Rursus
1783 1637 1943 1678 quomodo
1968 1637 2025 1668 sub

378 1693 532 1733 regimine
558 1692 629 1721 talis
653 1691 788 1721 hominis
814 1694 921 1731 posset
945 1690 1133 1721 christianus
1158 1690 1304 1730 populus,
1329 1700 1424 1730 quem
1449 1690 1492 1719 sic
1516 1689 1630 1719 afflixit
1654 1689 1833 1728 inmaniter,
1859 1689 2025 1730 quiescere

378 1745 406 1773 in
431 1742 691 1784 pupplo-imanis
717 1742 822 1782 pacis?
870 1741 1020 1772 Profecto
1052 1742 1095 1771 fili
1126 1742 1221 1771 talem
1254 1742 1415 1771 hominem
1441 1740 1601 1771 dimittere
1630 1741 1660 1770 in
1685 1740 1785 1780 regali
1811 1743 1842 1770 et
1865 1739 2024 1781 imperiali

378 1796 531 1836 regimine
557 1805 618 1824 non
643 1797 727 1824 esset
748 1793 912 1823 consulere
938 1793 1067 1833 populo,
1092 1792 1149 1823 sed
1166 1803 1292 1828 nocere,
1317 1802 1378 1822 non
1396 1796 1540 1832 prestare
1558 1792 1710 1832 regimen,
1735 1791 1791 1821 sed
1816 1801 1936 1831 augere
1962 1791 2024 1822 dis-

378 1847 506 1876 crimen.
554 1845 585 1875 Si
611 1846 693 1875 enim
719 1845 885 1885 integritas
903 1844 1136 1884 presideneiuin
1162 1843 1246 1874 salus
1271 1847 1319 1874 est
1337 1843 1546 1882 subditorum,
1572 1843 1714 1883 sequitur
1731 1842 1816 1883 quod
1835 1842 2026 1873 instabilitas

379 1902 410 1928 et
426 1897 598 1928 infidelitas
614 1897 754 1937 ipsorum
771 1896 892 1926 scilicet
910 1896 1145 1936 presidencium
1163 1895 1299 1936 perditio
1317 1895 1357 1925 sit
1374 1905 1483 1925 eorum
1502 1895 1623 1925 scilieet
1639 1894 1848 1925 subditorum.
1889 1894 2026 1929 Qualem

380 1953 470 1989 putas
494 1948 536 1978 fili
561 1959 601 1978 ex
618 1948 796 1988 principatu
820 1947 1011 1986 huiusmodi,
1037 1957 1130 1987 quem
1156 1947 1290 1977 extorsit
1314 1946 1428 1977 seditio
1454 1949 1485 1977 et
1509 1945 1646 1976 ambitus
1670 1946 1850 1986 occupavit,
1875 1945 2026 1986 subsequi

380 2011 472 2041 posse
497 2001 610 2030 finein'?
646 1999 796 2029 Profecto
821 2000 941 2039 sperari
968 2009 1027 2028 non
1053 2002 1157 2038 potest
1182 1997 1402 2038 probabiliter,
1427 1997 1511 2038 quod
1537 1997 1620 2027 bono
1645 1997 1757 2037 peragi
1781 1998 1903 2037 possint
1927 1997 2025 2036 exitu,

380 2063 440 2093 quc
465 2056 529 2082 tam
554 2051 639 2081 malo
664 2054 696 2081 et
719 2060 869 2090 perverso
894 2053 983 2079 sunt⁰
1008 2051 1163 2090 principio
1192 2049 1352 2080 inchoata.
1406 2049 1489 2079 Audi
1519 2049 1594 2089 quid
1620 2048 1660 2079 de
1691 2048 1808 2079 talibus
1833 2048 2027 2089 principibus

379 2104 506 2144 sapiens
535 2102 632 2132 dicat:
663 2101 907 2141 ‘Regnantibus'
930 2099 1171 2141 inquit³i1npiis
1195 2102 1284 2132 ruine
1314 2100 1512 2131 hominuns‘ss
1536 2100 1657 2130 scilicet
1684 2099 1927 2140 subsequuntur.
1987 2099 2028 2130 Et

379 2154 467 2185 alibi:
493 2153 632 2183 ‘Gcmet'
655 2153 754 2193 inquit
777 2152 935 2192 ‘populus,
961 2163 1030 2182 cuin
1056 2153 1144 2193 impii
1169 2153 1361 2193 sumpserint
1383 2151 1636 2193 priucilmtum'3.
1682 2151 1824 2182 Attende
1849 2151 1903 2190 fili,
1927 2162 2026 2191 quan-

381 2211 447 2235 tum
471 2208 555 2235 esset
578 2205 669 2245 gregi
694 2203 851 2233 dominico
881 2204 938 2234 sub
968 2207 1032 2233 tam
1063 2204 1181 2234 infideli
1211 2204 1352 2244 principe
1377 2204 1483 2234 vivere
1516 2202 1761 2233 f‹.nunidandum.
1816 2202 1913 2232 Teste
1943 2203 2027 2232 enim

381 2257 534 2296 sapiente,
560 2255 661 2295 qualis
686 2258 732 2285 est
757 2258 861 2285 rector
878 2255 1023 2288 civitatis,
1049 2255 1130 2285 tales
1146 2255 1268 2285 scilicet
1291 2258 1363 2285 sunt
1379 2255 1430 2285 vel
1454 2255 1532 2284 fiunt
1556 2254 1738 2284 habitantes
1762 2254 1792 2283 in
1817 2264 1855 2284 ea
1865 2254 1886 2284 4.
1933 2252 2028 2284 Esset

383 2308 490 2347 itaque
516 2307 645 2336 nimium
671 2306 923 2339 formidandum,
949 2306 1032 2346 quod
1058 2307 1081 2335 si
1106 2310 1288 2337 remaneret
1312 2306 1341 2335 in
1366 2305 1491 2346 prefato
1517 2306 1686 2345 regimine,
1709 2305 1826 2334 multos
1851 2315 1869 2334 a
1892 2304 1954 2335 fide
1979 2315 2027 2335 re-

383 2358 525 2388 traheret
549 2357 706 2387 catholica
730 2367 850 2398 sueque
868 2357 1000 2397 perfidie
1027 2357 1110 2398 quod
1136 2357 1216 2387 absit
1240 2358 1393 2397 plurimos
1417 2360 1620 2398 aggregaret.
1668 2355 1782 2386 Adhuc
1806 2355 1849 2385 tili
1874 2359 2027 2396 quantum

383 2410 413 2439 in
444 2409 585 2449 prins-ipe
614 2408 757 2448 quolibet
782 2409 898 2438 veritas
926 2409 1117 2449 requiratur,
1150 2412 1204 2438 tua
1233 2419 1294 2438 non
1325 2409 1449 2449 ignorat
1477 2408 1651 2448 prudencia
1679 2411 1711 2438 et
1742 2410 1895 2447 quantum
1926 2408 1956 2437 in
1989 2417 2027 2438 eo

384 2461 499 2500 vigeat,
524 2462 555 2489 te
579 2459 757 2489 audivimus
782 2470 842 2488 non
866 2459 990 2489 latere-‚³

493 2514 519 2540 4.
545 2511 642 2540 ‘Saue
676 2511 700 2539 si
737 2520 797 2549 quc
826 2510 1001 2540 offeruntur
1036 2522 1092 2550 pro
1123 2514 1212 2550 parte
1249 2511 1292 2540 tili
1323 2510 1485 2540 carissime
1514 2511 1636 2550 cogites
1670 2510 1852 2549 diligenter,
1888 2510 2029 2550 reperies

384 2563 492 2603 utique
516 2562 600 2602 quod
627 2561 664 2591 do
690 2565 736 2591 tot
762 2564 793 2591 et
818 2562 912 2591 tantis
937 2562 1120 2591 excessibus
1146 2572 1202 2601 per
1234 2572 1306 2592 eum
1338 2562 1514 2591 commissis
1544 2561 1712 2591 emendam
1737 2560 1808 2591 Deo
1838 2564 1869 2590 et
1893 2559 2028 2590 ecclesie

385 2613 503 2643 nullam
530 2612 631 2642 offert.

488 2705 553 2731 81⁴.
582 2706 605 2733 ⁸¹)
626 2706 752 2730 videretur
771 2714 790 2730 ι’.
880 2710 901 2733 θ’)
922 2707 986 2729 sicut
1006 2716 1024 2730 c.

491 2775 514 2801 l>
538 2773 599 2799 Lus,
615 2777 655 2805 2:2³,
669 2776 705 2799 31.
796 2773 821 2801 ¹2)
843 2773 920 2798 Prmz
935 2778 973 2804 23¹,
990 2778 1025 2798 1.).
1115 2775 1140 2803 53)
1162 2773 1198 2798 Ib.
1212 2778 1250 2800 231¹.
1266 2778 1288 2799 2.
1377 2775 1403 2798 4)
1424 2773 1507 2799 Eccli.
1531 2778 1566 2803 1⁰,
1579 2776 1601 2798 9.

2039 723 2063 742 10

2042 980 2064 998 15

2041 1235 2067 1254 20

2044 1749 2069 1767 30

2046 2007 2071 2026 35

2046 2262 2073 2281 40

2047 2518 2075 2537 45
