2205 3025
154 672 178 691 10

156 929 178 946 15

152 1183 177 1204 20

151 1441 174 1461 25

151 1702 174 1720 30

151 1957 174 1975 :35

149 2214 174 2232 40

148 2469 172 2487 45

474 111 569 138 ACTA
590 111 703 138 REGNI
723 112 905 139 LUDEWICI
925 113 971 140 lV.
991 113 1035 139 ET
1056 113 1238 141 FRIDERICI
1258 114 1305 141 ΙΙΙ.
1343 115 1418 141 1327.
1455 115 1502 141 Nr.
1515 116 1574 142 361.
1789 120 1849 150 257

307 200 335 228 6.
361 197 445 228 Sane
469 208 540 228 cum
566 199 667 229 dictus
690 199 909 238 Loulovicus),
934 210 1028 240 quem
1053 203 1087 230 ut
1110 200 1284 241 predicitur
1306 202 1388 238 iure,
1413 202 1437 231 si
1455 201 1540 242 quod
1557 202 1617 233 sibi
1635 212 1675 233 ex
1693 203 1850 235 electione

198 248 345 289 predicta
369 250 559 289 acquisitum
588 249 706 288 fuerat,
735 251 975 290 privaveramus
1004 252 1124 282 iustitia
1154 253 1305 292 exigente
1333 263 1370 283 ac
1399 253 1631 294 subsequenter
1660 255 1728 285 eius
1757 258 1851 286 aucta

201 301 401 330 contumacia
418 299 522 330 feudis
539 300 695 339 omnibus,
722 311 784 342 que
799 311 818 332 a
834 302 982 333 Romana
998 303 1049 334 vel
1066 303 1228 344 quibusvis
1246 304 1315 334 aliis
1332 305 1475 335 ecclesiis
1492 316 1547 336 seu
1571 306 1707 346 imperio
1725 306 1849 338 obtine-

200 350 265 391 bat,
291 353 322 382 et
346 351 529 392 specialiter
552 351 670 382 ducatu
694 352 831 383 Bavarie
857 356 888 384 et
913 355 997 384 omni
1022 355 1100 393 iure,
1126 354 1211 395 quod
1235 355 1267 385 in
1292 356 1407 386 eodem
1432 359 1487 386 aut
1511 357 1578 387 eius
1606 358 1773 389 occasione
1798 359 1848 389 vel

202 412 297 433 causa
314 402 374 433 sibi
394 402 600 443 competebat
617 413 673 433 seu
691 408 876 444 competere
894 408 1022 445 poterat
1039 416 1166 446 quoquo
1184 406 1291 446 modo,
1314 417 1438 438 necnon
1463 410 1495 438 et
1512 408 1658 439 omnibus
1675 409 1850 451 privilegiis

198 453 381 495 apostolicis
398 457 430 485 et
446 454 667 495 imperialibus
690 454 749 484 sibi
767 465 822 485 seu
840 456 908 485 eius
926 455 1216 496 predecessoribus,
1242 461 1399 498 quatenus
1416 459 1518 499 ipsum
1541 463 1672 500 tangere
1690 463 1848 501 poterant,

197 505 327 536 indultis
350 506 432 536 iusto
458 506 698 546 privaveramus
722 505 837 537 iudicio
862 517 1022 548 quemque
1044 519 1101 548 pro
1123 508 1260 539 fautoria
1277 509 1490 540 hereticorum
1511 513 1849 544 excommunicationis

198 557 384 588 innodatum
408 557 575 596 sententia,
600 567 696 597 quam
718 567 775 597 per
796 557 958 588 biennium
980 562 1013 589 et
1035 559 1165 590 ulterius
1182 560 1329 592 indurato
1356 563 1559 600 sustinuerat,
1584 563 1665 593 sicut
1689 567 1722 594 et
1745 564 1849 595 adhuc

200 609 335 639 sustinet
366 608 486 643 animo,
522 608 802 639 declaraveramus
834 609 1039 640 manifestum
1067 610 1283 642 hereticorum
1312 612 1470 644 fautorem
1502 618 1533 644 et
1562 625 1661 655 penas
1690 625 1800 646 omnes
1830 626 1849 646 a

198 659 372 691 canonibus
404 660 538 690 inflictas
574 659 691 690 talibus
726 660 909 699 incurrisse,
950 665 1044 701 prout
1076 662 1134 692 hec
1164 664 1194 692 in
1225 664 1339 694 nostris
1370 664 1572 704 processibus
1604 670 1714 697 contra
1744 667 1848 707 ipsum

198 711 316 742 habitis
351 712 475 752 plenius
508 711 745 747 continenturl,
781 712 862 742 infra
900 712 1057 752 prefixum
1096 713 1155 744 sibi
1190 714 1368 754 predictum
1407 716 1575 746 terminum
1607 717 1670 748 iam
1702 718 1847 758 elapsum

198 773 385 803 comparere
417 773 474 803 per
503 774 537 794 se
566 763 616 794 vel
646 763 743 793 alium
776 773 837 793 non
867 768 1002 799 curarat,
1028 765 1130 804 ipsum
1162 775 1263 806 usque
1295 767 1324 796 111
1357 768 1529 798 crastinum
1560 767 1639 798 hora
1670 770 1847 800 consistorii

197 814 345 845 duximus
370 815 408 845 de
434 815 566 845 fratrum
590 817 771 845 nostrorum
796 815 928 845 consilio
954 816 1191 856 expectandum
1222 820 1254 846 et
1288 818 1361 857 quia
1392 829 1451 848 nec
1482 823 1555 849 tunc
1586 822 1764 860 comparuit
1788 831 1847 852 nec

196 866 277 896 alius
295 876 351 906 pro
369 866 493 904 eodem,
519 866 559 896 (10
576 865 710 897 fratrum
728 867 901 897 eorundem
927 867 1059 897 consilio
1081 868 1299 908 reputavimus
1317 873 1348 898 et
1366 869 1599 900 declaravimus
1616 876 1846 904 contumacem.

198 917 239 948 Et
267 917 341 948 licct
369 921 442 948 tunc
473 928 545 948 cum
573 919 729 959 premissa
757 918 839 949 adeo
868 924 975 949 essent
1003 919 1141 958 notoria,
1172 919 1257 960 quod
1290 920 1375 950 nulla
1404 925 1555 961 poterant
1582 923 1846 963 tergiversatione

196 969 307 1005 celari,
339 972 448 1000 contra
472 970 576 1010 ipsum
600 969 641 1000 ad
669 971 860 1000 sententiam
887 981 1051 1010 possemus
1081 971 1256 1010 procedere
1281 972 1432 1011 exigente
1462 973 1582 1003 iustitia
1610 974 1847 1015 proferendam,

195 1022 299 1061 ipsum
328 1026 435 1051 tamen
466 1021 505 1051 dc
530 1021 729 1062 benignitate
761 1021 937 1061 apostolica
968 1032 1067 1062 usque
1097 1022 1137 1052 ad
1167 1022 1251 1052 diem
1281 1028 1464 1063 presentem
1494 1024 1571 1055 hora
1600 1027 1774 1056 consistorii
1805 1027 1845 1057 (10

196 1072 369 1103 eorundem
396 1072 528 1103 fratrum
554 1073 684 1104 consilio
710 1073 858 1103 duximus
882 1073 1129 1113 expectandum.
1176 1073 1217 1104 Et
1247 1076 1396 1114 quoniam
1422 1086 1481 1106 nee
1510 1077 1568 1106 bae
1593 1076 1643 1107 die
1674 1077 1753 1108 bora
1782 1079 1845 1108 iam

196 1123 281 1154 dicta
305 1125 483 1164 comparuit
506 1134 565 1155 nec
589 1128 754 1165 comparet
777 1124 880 1155 adhuc
906 1136 963 1155 nec
989 1126 1103 1166 aliquis
1128 1137 1184 1166 pro
1209 1126 1325 1156 eodem
1356 1136 1414 1156 nce
1443 1127 1483 1157 ad
1513 1129 1742 1158 correctionem
1774 1140 1845 1169 pre-

196 1175 352 1206 dictorum
377 1186 410 1206 se
436 1176 575 1216 disponit
598 1177 628 1206 in
653 1177 771 1218 aliquo,
796 1180 845 1207 set
869 1177 955 1207 velut
978 1178 1008 1207 in
1034 1177 1225 1217 profundum
1256 1178 1412 1208 malorum
1443 1179 1614 1219 perductus
1642 1179 1728 1210 mala
1756 1181 1847 1210 malis·

196 1227 412 1268 superaddere
437 1227 638 1269 offensasque
663 1229 792 1259 offensis
819 1229 981 1259 cumulare
1007 1239 1042 1259 ac
1071 1230 1151 1260 iram
1174 1229 1236 1259 Dei
1265 1238 1374 1260 contra
1404 1241 1437 1260 sc
1466 1241 1642 1271 provocare
1671 1231 1846 1272 fidelesque

196 1278 302 1309 verbis
326 1282 358 1309 et
382 1279 534 1319 operibus
557 1280 706 1320 persequi
732 1291 793 1310 non
819 1281 945 1317 omittit,
971 1291 1028 1310 nos
1053 1281 1082 1310 in
1108 1280 1259 1321 predictis
1284 1281 1439 1312 lesionem
1464 1282 1549 1319 tidei,
1574 1286 1700 1323 patrum
1719 1294 1846 1324 quoque

195 1333 376 1361 sanctorum
401 1334 618 1371 contemptum
648 1339 679 1362 et
704 1331 820 1372 probra
845 1342 966 1362 necnon
996 1336 1028 1362 et
1059 1333 1254 1373 presentium
1283 1333 1435 1363 scandala
1464 1335 1615 1374 variaque
1644 1338 1845 1376 posterorum

195 1382 337 1422 pericula
353 1382 556 1413 attendentes
574 1384 732 1424 tantisque
750 1383 842 1413 malis
860 1388 891 1413 et
909 1384 1057 1424 periculis
1075 1384 1203 1415 obviare
1222 1384 1392 1415 salubriter
1409 1387 1584 1426 cupientes,
1603 1396 1674 1417 eum
1692 1387 1847 1427 premissa

195 1433 276 1464 adeo
301 1435 362 1464 sint
385 1435 522 1467 notoria,
553 1434 637 1475 quod
662 1439 825 1475 nequeunt
853 1436 1117 1475 tergiversatione
1142 1437 1249 1477 aliqua
1278 1437 1445 1477 occultari,
1476 1442 1624 1478 presente
1653 1438 1711 1468 hae
1740 1438 1845 1468 multi-

193 1486 301 1516 tudine
326 1485 468 1516 fidelium
485 1486 615 1526 copiosa
632 1487 735 1526 ipsum
760 1491 945 1527 reputantes
970 1492 1001 1517 et
1026 1487 1226 1518 declarantes
1250 1489 1364 1518 merito
1390 1492 1622 1527 contumacem,
1640 1489 1700 1520 Dei
1718 1491 1846 1520 nominc

192 1539 340 1568 invocato
376 1537 415 1567 de
454 1538 585 1568 fratrum
626 1537 800 1568 eorundem
836 1539 966 1569 consilio
1002 1540 1105 1579 ipsum
1146 1540 1213 1570 fore
1253 1541 1428 1571 hereticum
1463 1541 1663 1572 ‹ls·‹:·l;1ra111us
1696 1543 1845 1582 ipsasque

197 1589 389 1620 assertiones
418 1600 475 1630 per
502 1589 621 1620 dictam
649 1590 909 1620 constitutionem
941 1590 1099 1621 hereticas
1128 1596 1161 1621 ut
1191 1592 1366 1632 predicitur
1399 1592 1578 1623 declaratas
1608 1598 1640 1623 et
1675 1594 1846 1634 scripturas

194 1651 410 1682 quascumque
435 1641 634 1672 continentes
658 1641 789 1672 easdem
818 1652 941 1673 necnon
967 1647 997 1672 et
1026 1643 1127 1682 ipsum
1154 1643 1380 1677 Lmulovicunr»
1415 1644 1502 1674 velut
1531 1644 1706 1675 hereticum
1734 1655 1843 1685 repro-

193 1692 306 1723 bamus
331 1696 362 1723 et
386 1693 619 1724 sententialiter
642 1693 925 1734 condempnamus.
973 1693 1005 1725 Si
1030 1695 1099 1735 quis
1124 1698 1231 1725 autem
1261 1695 1437 1726 doctrinam
1467 1707 1522 1726 seu
1551 1696 1743 1726 assertiones
1771 1707 1843 1736 pre-

193 1744 294 1775 dictas
319 1744 494 1775 defendere
519 1745 569 1775 vel
594 1745 774 1785 approbare
793 1746 1032 1786 presumpserit,
1057 1747 1283 1788 cuiuscumque
1302 1747 1477 1788 diguitatis,
1503 1748 1631 1783 ordinis,
1656 1748 1845 1778 conditionis

194 1800 248 1827 aut
276 1800 377 1826 status
406 1796 533 1835 existat⁷
564 1799 716 1836 tanquam
746 1797 906 1828 hereticus
937 1797 976 1828 ab
1008 1798 1154 1828 omnibus
1188 1799 1379 1831 confutetur,
1426 1799 1466 1829 Et
1491 1799 1713 1829 nichilominus
1741 1799 1844 1840 ipsum

193 1847 418 1887 Legudovicum)
444 1847 534 1878 bonis
551 1847 697 1878 omnibus
721 1848 892 1879 mobilibus
917 1852 949 1879 et
966 1849 1190 1883 immobilibus.
1216 1850 1345 1883 iuribus.
1372 1850 1641 1881 iurisdictionibus
1659 1854 1690 1881 et
1715 1851 1843 1891 quibus-

194 1909 329 1940 cumque
352 1899 421 1929 aliis
446 1899 638 1940 ubicumque
656 1900 718 1930 sint
742 1904 773 1931 et
791 1901 1042 1941 quibuscumque
1060 1901 1240 1932 nominibus
1264 1906 1456 1932 censeantur
1481 1906 1513 1932 et
1537 1902 1721 1943 specialiter
1745 1903 1842 1932 comi-

194 1955 262 1981 tatu
287 1950 451 1991 palatinos]
477 1950 559 1981 Reni
589 1955 621 1981 et
649 1952 735 1982 omni
759 1952 826 1982 iure
851 1953 974 1982 ratione
1000 1953 1049 1982 vel
1075 1954 1243 1983 occasione
1270 1953 1351 1984 illius
1377 1954 1426 1983 vel
1451 1954 1513 1983 alio
1543 1954 1653 1994 quovis
1682 1954 1777 1984 modo
1802 1954 1842 1984 ad

193 2002 331 2032 eundem
356 2002 580 2040 L(ud0vicunr›
608 2003 852 2043 pertinentibus.
881 2003 1020 2034 habendi
1045 2015 1157 2035 vocem
1187 2005 1217 2034 in
1247 2005 1405 2035 electione
1436 2005 1518 2043 regis
1542 2005 1786 2043 Romanmrum)
1813 2006 1843 2035 in

192 2054 421 2094 imperatorem
450 2054 660 2094 promovendi
684 2065 740 2085 seu
764 2056 794 2085 in
824 2055 982 2086 electione
1011 2056 1191 2087 huiusmodi
1221 2057 1359 2097 aliquem
1387 2057 1427 2087 ad
1458 2056 1602 2096 predicta
1629 2066 1761 2096 regnum
1792 2057 1841 2086 vel

191 2105 359 2145 imperium
385 2105 523 2146 eligendi
548 2116 603 2136 seu
627 2106 871 2147 quomodolibet
895 2108 1088 2140 nominandi.
1113 2109 1271 2148 privatum
1297 2108 1365 2138 fere
1392 2108 1592 2139 decernimus
1617 2113 1648 2137 et
1672 2108 1842 2148 privamus,

193 2157 390 2197 exponendis
414 2158 464 2188 vel
488 2158 702 2188 concedendis
725 2159 900 2194 catholicis,
927 2160 961 2192 si,
987 2163 1081 2200 prout
1098 2164 1129 2190 et
1153 2160 1281 2200 quando
1299 2170 1336 2190 ac
1354 2160 1468 2200 quibus
1486 2160 1535 2190 vel
1554 2159 1593 2189 (10
1619 2160 1733 2199 quibus
1750 2160 1842 2190 sedes

193 2208 368 2248 apostolica
392 2208 603 2239 ordinandum
629 2209 765 2247 duxerit,
790 2211 857 2240 iure
882 2210 1066 2251 principalis
1090 2211 1221 2241 dominii
1247 2222 1374 2252 semper
1398 2211 1496 2241 salvo.

301 2262 328 2290 7.
353 2260 518 2291 Vassallos
542 2271 669 2301 quoque
694 2261 792 2302 ipsius
809 2264 841 2292 et
866 2272 1083 2303 quascumque
1109 2263 1187 2293 alias
1212 2266 1277 2293 tam
1302 2263 1535 2294 ecclesiasticas
1561 2272 1656 2302 quam
1681 2262 1842 2292 seculares

192 2320 344 2350 personas
368 2321 490 2342 necnon
515 2312 774 2349 communitates,
804 2314 1027 2345 universitates
1052 2325 1089 2345 ae
1117 2315 1277 2351 civitates,
1308 2318 1427 2351 castra,
1458 2318 1559 2344 terras
1585 2324 1620 2344 ac
1645 2313 1748 2351 villas,
1780 2323 1841 2353 que

192 2360 249 2391 sibi
272 2361 437 2393 fidelitatis
460 2363 511 2394 vel
535 2363 604 2394 aliis
629 2364 882 2405 quibuscumque
906 2366 1092 2396 iuramentis
1118 2369 1301 2396 tenerentur
1325 2366 1455 2399 astricti,
1482 2375 1610 2405 prorsus
1634 2364 1674 2394 ab
1699 2364 1759 2394 illis
1784 2364 1839 2394 ab-

191 2413 342 2444 solvimus
363 2424 400 2444 ac
425 2425 643 2456 quascumque
668 2415 900 2456 colligationes,
926 2417 1213 2455 confederationes,
1239 2418 1416 2453 sotietate&
1442 2417 1608 2457 pactiones
1625 2420 1657 2446 et
1680 2416 1760 2455 ligas
1785 2425 1841 2455 per

192 2474 408 2506 quoscumque
432 2476 504 2496 cum
528 2466 642 2498 eodem
668 2471 847 2498 contractas
871 2468 921 2499 vel
945 2469 1048 2507 initas,
1073 2469 1198 2499 etiamsi
1223 2469 1419 2505 iuramentis,
1445 2469 1535 2508 penis
1551 2467 1602 2497 vel
1624 2466 1693 2497 aliis
1710 2466 1838 2507 quibus-

190 2515 236 2544 vis
253 2515 455 2547 firmitatibus
480 2521 586 2548 essent
608 2519 736 2556 innexo,
761 2522 918 2559 quatenus
942 2520 1085 2551 favorem
1110 2524 1164 2551 aut
1188 2520 1392 2550 commodum
1419 2519 1518 2559 ipsius
1538 2522 1774 2557 concernerent,
1800 2517 1838 2546 (10

190 2568 357 2606 potestatis
373 2568 569 2608 plenitudine
582 2570 708 2609 penitus
721 2569 922 2600 dissolvimus
939 2581 975 2600 ac
990 2582 1087 2611 penas
1104 2571 1245 2602 adiectas
1263 2576 1295 2602 et
1311 2572 1492 2601 iuramenta
1509 2580 1604 2610 super
1621 2568 1688 2610 [eis]
1708 2568 1839 2608 prestita.

190 2618 383 2649 relaxamus,
434 2619 653 2651 Decernentes
689 2621 815 2661 quasvis
851 2632 1003 2662 personas
1032 2623 1209 2662 singulares
1237 2633 1274 2652 ac
1309 2622 1569 2655 communitates,
1606 2620 1837 2656 universitates,

294 2729 318 2759 1)
339 2728 427 2761 Supra
447 2736 487 2753 ην.
502 2732 557 2755 273.
578 2733 631 2755 254.
