2205 3025
142 691 168 709 10

145 946 168 964 15

141 1202 167 1220 20

141 1461 164 1480 25

139 1728 164 1747 30

138 1984 161 2004 35

136 2241 161 2259 40

466 135 561 161 ACTA
583 135 695 161 REGNI
718 136 900 162 LUDEWICI
921 137 967 163 IV.
987 137 1032 162 ET
1054 137 1235 164 FRIDERICI
1255 138 1303 164 111.
1343 139 1416 165 1325.
1454 139 1500 165 Nr.
1514 139 1573 166 437.
1781 143 1842 172 359

190 220 262 250 dist.
289 221 403 250 dicitur
426 221 502 250 siclz
529 220 581 250 ‘In
604 222 747 261 negociis
771 221 963 253 diffiniendis
987 234 1049 253 non
1073 224 1175 254 solum
1200 230 1248 254 est
1264 225 1445 255 necessaria
1463 226 1604 265 scientia,
1625 230 1674 258 set
1691 230 1842 268 potestas.

190 271 282 302 Unde
301 271 444 302 Christus
469 271 609 302 dicturus
626 272 724 302 Petro
741 272 972 314 ‘Quodcunque
990 274 1138 314 ligaveris
1163 278 1195 305 et
1218 275 1315 305 cet³¹.
1341 277 1427 316 prius
1444 276 1533 307 dedit
1550 278 1609 308 sibi
1630 278 1735 308 clares
1753 280 1842 317 regni

189 323 339 354 celorum.
364 323 396 352 in
421 322 522 353 altera
547 322 625 352 dans
649 324 677 353 ei
702 324 867 354 scientiam
892 324 1092 356 discernendi
1116 327 1198 356 inter
1222 326 1345 367 lepram
1371 331 1402 357 et
1425 328 1558 368 lepram,
1584 329 1614 359 in
1639 329 1740 360 altera
1765 317 1843 360 dans

189 374 268 404 sibib
291 375 481 414 potestatem
507 373 642 403 eiciendi
666 374 791 414 aliquos
808 374 848 404 ab
866 376 1002 405 ecclesia
1026 376 1077 406 vel
1099 376 1318 416 reeipiendi'2.
1358 377 1429 408 Hec
1452 378 1504 409 ibi.
1544 379 1594 409 Ex
1619 380 1732 420 quibus
1757 381 1841 411 clare

189 425 290 466 liquet
323 424 408 465 quod
441 424 538 454 clavis
570 424 701 454 scientie
733 429 781 455 est
809 436 871 456 una
899 427 997 456 clavis
1028 427 1162 458 ecclesie
1195 428 1343 459 distincta
1370 439 1389 459 a
1418 429 1499 460 clavi
1529 432 1671 471 potentie
1702 434 1734 462 et
1757 432 1842 472 quod

188 480 299 507 contra
324 476 430 506 dicere
455 475 609 515 scripture
635 475 740 506 divine
766 481 798 506 ct
823 477 964 508 doctrine
990 479 1124 509 ecclesie
1149 479 1305 510 catholice
1330 479 1437 510 obviat
1461 481 1639 512 manifeste.

291 531 377 563 (VIII)
403 530 544 558 ()ctavus
573 537 661 557 error
691 532 739 557 est
769 529 843 568 quia
871 529 938 568 ipse
964 530 993 558 in
1023 529 1107 560 dicto
1137 534 1256 561 statuto
1280 530 1378 566 ‘Quia
1402 532 1617 572 quorundam'
1641 534 1736 564 etiam
1761 534 1840 575 dog-

187 580 326 616 matizat7
355 579 439 620 quod
468 589 610 609 summus
638 578 783 618 pontifex
807 579 836 608 in
862 579 921 609 hiis
946 590 1007 620 que
1033 580 1072 610 ad
1096 581 1191 611 tidem
1217 585 1249 611 et
1272 592 1376 612 mores
1401 584 1561 622 pertinent
1584 588 1688 624 potest
1712 595 1841 615 suorum

187 631 449 671 predecessorum
476 630 680 660 diffinitiones
704 633 736 660 et
760 629 844 660 dicta
869 641 1019 661 revocare
1045 633 1159 662 eteius
1177 633 1368 663 contrarium
1387 637 1537 671 statuere„
1559 635 1643 675 quod
1661 635 1842 666 decernitur

186 684 217 713 in
249 682 381 712 eisdem.
429 682 489 717 Qui
521 692 608 712 error
636 691 788 721 expresse
821 681 964 712 doctrine
995 687 1175 713 sanctoruni
1210 687 1335 724 patrum
1370 689 1401 715 et
1430 696 1593 716 sacrorum
1623 697 1778 717 canonum
1810 691 1841 718 et

186 734 260 765 fidei
286 734 440 765 catholice
466 733 574 764 obviat
599 735 632 763 et
655 736 822 773 repugnat.
849 733 928 763 sicut
953 737 1042 773 patet
1067 745 1123 774 per
1148 745 1186 764 ea
1211 745 1272 774 que
1297 735 1432 775 legimus
1457 737 1486 766 in
1505 737 1641 767 decretis
1658 749 1702 768 ca.
1722 738 1841 768 XXX&

186 796 254 826 cup.
274 784 399 816 ‘contra
423 788 541 815 statuta
566 782 707 825 patrum'
732 787 764 814 et
788 794 856 824 cap.
882 783 922 814 ‘si
947 795 985 814 ea
1010 785 1244 815 destruerem³³
1270 790 1302 816 et
1326 787 1355 816 in
1374 787 1515 826 pluribus
1532 789 1601 818 aliis
1618 790 1764 829 capitulis
1780 789 1840 820 hoc

185 837 304 877 poterit
327 836 473 876 reperiri,
499 840 529 865 ct
554 835 624 865 XV.
651 834 721 865 dist.
747 845 815 875 cap.
841 834 936 864 ‘sicut
960 835 1097 865 saneti'⁴
1122 839 1153 865 et
1177 836 1302 875 Exttrai
1333 837 1372 867 de
1402 841 1485 868 statu
1512 839 1740 870 monachorum
1770 851 1838 881 cap.

184 888 267 919 ‘cum
285 888 325 918 ad
342 885 604 918 nioiiasteriilni³⁵
621 887 650 916 in
669 886 740 916 fine.
775 886 823 916 Ex
839 896 901 926 quo
920 896 1026 916 errore
1044 887 1141 916 totins
1158 887 1232 917 fidei
1250 892 1282 917 et
1299 889 1496 918 auctoritatis
1514 891 1648 921 ecclesie
1667 891 1839 921 destructio

187 942 384 980 sequeretur,
409 939 483 979 quia
508 942 696 978 sequeretur
721 937 805 978 quod
832 937 967 978 quilibet
991 937 1156 968 Romanus
1175 939 1318 978 pontifex
1336 944 1443 979 posset
1460 951 1610 972 revocare
1628 946 1660 972 et
1676 943 1839 973 destruere

186 991 292 1021 omnia
316 991 345 1020 in
378 990 439 1020 fide
464 994 495 1020 et
520 989 659 1020 moribus
683 1000 701 1019 a
726 989 790 1019 suis
822 989 1101 1029 predecessoribus
1132 989 1268 1020 diffinita
1292 994 1324 1019 et
1348 991 1390 1020 sic
1415 994 1482 1021 tota
1505 994 1677 1023 auctoritas
1704 993 1838 1024 ecclesie

185 1042 350 1072 vacillaret
371 1046 402 1072 et
424 1042 452 1071 in
475 1041 537 1071 fide
560 1043 592 1071 et
612 1040 752 1071 moribus
769 1040 851 1070 foret
870 1040 1024 1070 instabilis
1042 1044 1073 1070 et
1090 1041 1223 1071 intirma.
1260 1041 1352 1071 Unde
1371 1041 1455 1071 dicta
1473 1042 1616 1073 doctrina
1634 1048 1681 1074 est
1698 1045 1839 1075 heretica

185 1093 363 1127 iudicanda,
396 1094 469 1133 quia
498 1093 527 1122 in
553 1093 719 1123 articulum
749 1091 822 1121 fidei
847 1091 890 1122 ‘et
919 1102 1013 1122 unam
1039 1095 1180 1122 sanctam
1205 1093 1375 1123 ecclesiam
1405 1091 1628 1124 catholicam·¹‘
1657 1095 1839 1126 evidenter⁴·

185 1144 340 1185 impingit.
376 1144 417 1174 Et
434 1145 458 1174 si
477 1145 506 1174 in
525 1144 678 1174 decretali
703 1143 800 1173 ‘Exiit
818 1144 870 1183 qui
889 1144 1035 1174 seminat*
1052 1147 1084 1173 ct
1101 1144 1129 1173 in
1148 1143 1292 1173 doctrina
1309 1147 1341 1174 ct
1358 1144 1421 1174 vita
1440 1144 1556 1175 Christi
1574 1150 1605 1175 et
1621 1147 1837 1186 apostolorum

187 1200 219 1226 et
247 1197 278 1226 in
309 1196 542 1237 approbatione
573 1199 674 1225 status
704 1199 735 1225 et
766 1195 876 1235 regule
906 1196 1037 1225 fratrum
1064 1195 1222 1225 Minorum
1252 1200 1284 1225 et
1316 1196 1345 1225 in
1377 1196 1509 1225 concilio
1538 1197 1723 1235 Viennensi,
1755 1198 1839 1238 quod

185 1249 286 1288 ipsam
312 1247 507 1278 decretalem
526 1247 730 1288 approbavit,
755 1246 987 1277 concederetur
1005 1251 1154 1283 erratum,
1180 1251 1368 1287 sequeretur
1385 1248 1469 1287 quod
1488 1252 1553 1278 tota
1572 1249 1707 1279 ecclesia
1725 1251 1840 1279 erravit

183 1300 215 1329 in
238 1299 301 1329 fide
333 1299 415 1329 male
440 1300 479 1330 de
505 1300 567 1329 vita
594 1305 626 1329 ct
650 1298 793 1329 doctrina
818 1298 934 1328 Christi
964 1302 995 1328 et
1023 1299 1241 1338 apostolorum
1273 1299 1340 1328 eius
1370 1299 1554 1329 diffiniendo
1585 1303 1616 1330 et
1645 1300 1673 1330 in
1700 1300 1840 1330 moribus

182 1354 299 1382 statum
331 1350 505 1381 secundum
538 1351 673 1380 eundem
707 1350 880 1380 hereticum
913 1349 1056 1380 illicitum
1090 1354 1121 1380 et
1153 1351 1334 1380 simulatum
1370 1361 1405 1380 ac
1436 1351 1603 1381 fundatum
1635 1353 1663 1381 in
1696 1352 1839 1382 doctrina

185 1403 370 1443 evangelice
403 1402 529 1432 veritati
565 1402 723 1431 contraria
754 1400 964 1441 approbando
997 1405 1028 1430 ct
1061 1406 1204 1431 sanetum
1232 1401 1436 1432 Franciscum
1472 1405 1503 1432 et
1533 1402 1612 1431 alios
1644 1405 1769 1432 sanetos
1800 1402 1839 1432 de

185 1453 294 1484 ordine
324 1454 454 1484 fratrum
480 1454 648 1487 Minorum,
681 1454 733 1493 qui
766 1453 795 1482 in
828 1452 1006 1482 huiusmodi
1033 1453 1095 1482 rite
1125 1458 1156 1483 et
1190 1453 1332 1483 doctrine
1367 1453 1563 1493 professione
1596 1454 1741 1484 finierunt
1773 1453 1840 1483 dies

183 1516 266 1537 suos.
291 1505 500 1546 approbando
527 1509 689 1545 tamquam
715 1508 840 1534 sanctos
865 1508 897 1533 et
920 1510 1108 1544 sanctorum
1127 1504 1298 1544 cathalogo
1323 1505 1496 1535 solenniter
1520 1505 1716 1535 ascribendo.

291 1567 318 1596 3.
355 1566 469 1596 Plures
502 1565 598 1594 ctiam
631 1565 692 1594 alie
718 1564 848 1595 hereses
879 1568 942 1594 tam
969 1565 998 1594 in
1031 1564 1122 1594 dictis
1152 1565 1296 1594 statutis2·
1331 1565 1556 1595 lieretiealibus
1586 1576 1680 1605 quam
1710 1565 1739 1594 in
1770 1565 1840 1595 aliis

183 1617 410 1648 assertionibus
439 1617 530 1647 factis
559 1619 653 1657 atque
682 1617 781 1655 gestis
811 1616 943 1646 heretici
977 1616 1133 1656 sepedicti
1165 1617 1374 1650 continentur,
1407 1616 1520 1656 quibus
1549 1627 1618 1646 esse
1643 1616 1840 1646 conxineitur

183 1670 333 1705 irretitus,
358 1679 418 1709 que
444 1668 472 1697 in
500 1667 752 1697 ordinationibus
770 1669 884 1698 nostris
901 1678 998 1708 super
1022 1668 1081 1697 hiis
1106 1667 1220 1698 editis⁶
1243 1679 1279 1698 ac
1305 1669 1401 1698 etiam
1428 1669 1457 1697 in
1482 1667 1749 1708 appellationibus
1773 1670 1839 1696 tam

182 1731 240 1762 per
263 1721 340 1751 nos7
366 1730 461 1760 quam
489 1730 544 1759 pro
569 1723 659 1759 parte
685 1720 781 1749 totius
805 1719 923 1749 ordinis
949 1721 1080 1749 fratrum
1106 1720 1263 1750 Minorum
1289 1731 1325 1749 ae
1349 1720 1536 1750 notabilium
1561 1720 1784 1759 nnigistrorum
1809 1719 1840 1748 in

181 1783 271 1803 sacra
297 1772 413 1812 pagina
438 1771 536 1811 ipsius
560 1770 680 1801 ordinis
704 1771 836 1800 consilio
863 1776 893 1801 et
917 1773 1070 1801 assensu*4
1095 1774 1204 1801 contra
1223 1771 1341 1801 dictum
1360 1771 1538 1801 hereticum
1563 1771 1678 1800 eteius
1695 1770 1837 1801 statutas.

182 1831 273 1864 gesta
301 1828 333 1854 et
358 1823 441 1853 facta
466 1823 651 1853 solemniter
680 1822 853 1852 interiectis
882 1823 1031 1853 scriosius
1060 1823 1262 1862 explicantur
1285 1830 1317 1853 et
1341 1823 1370 1852 in
1396 1822 1661 1862 allegationibus&
1686 1821 1782 1851 divini
1807 1825 1839 1851 et

182 1875 310 1905 humani
334 1875 410 1904 iuris
438 1884 534 1914 super
562 1874 622 1903 hiis
646 1873 737 1903 factis
763 1873 937 1903 rationibus
962 1873 1147 1903 efficacibus
1172 1873 1429 1911 convineunturh,
1460 1884 1537 1914 quas
1561 1883 1671 1902 omnes
1695 1873 1838 1903 seriatim

181 1926 382 1966 presentibus
415 1925 578 1965 explicare
611 1925 769 1964 prolixum
803 1926 933 1955 nimium
966 1925 1139 1955 videretur.
1191 1925 1407 1960 Quamobrem
1440 1935 1480 1954 ex
1511 1935 1572 1964 quo
1605 1924 1723 1964 incepit
1753 1924 1838 1954 dicta

181 1977 367 2008 hereticalia
396 1980 514 2007 statuta
544 1976 694 2006 conderei
721 1980 753 2006 et
782 1976 907 2016 publice
934 1976 1099 2017 divulgare
1132 1980 1164 2006 et
1189 1977 1394 2016 pertinzmitcr
1418 1975 1617 2009 defensare&
1647 1976 1675 2005 in
1701 1975 1836 2005 heresim

181 2033 228 2060 est
251 2028 432 2070 prolapsus¹
462 2032 494 2058 et
524 2029 584 2058 fuit
612 2028 696 2058 omni
726 2028 944 2058 ecclesiastica
974 2028 1140 2068 dignitate,
1170 2029 1359 2058 auctoritate
1389 2031 1420 2057 et
1448 2030 1634 2067 potestate¹¹¹
1660 2027 1727 2066 ipso
1752 2025 1836 2056 facto

181 2081 321 2121 privatus
345 2091 402 2111 nee
428 2084 475 2110 est
500 2089 631 2110 necesse
656 2079 740 2119 quod
766 2084 934 2110 accusetur
959 2080 1007 2109 vel
1034 2079 1227 2119 dampnetur
1251 2089 1308 2119 per
1332 2079 1482 2118 aliquem.
1519 2077 1601 2108 Nam
1627 2078 1707 2107 sicut
1722 2077 1838 2117 legitur

180 2133 210 2162 in
240 2132 376 2162 decretis
400 2131 543 2161 XXIIII.
570 2141 653 2171 cap.:
685 2130 842 2161 ‘Dicimus
867 2141 978 2161 omncs
1003 2131 1163 2160 hereticos
1196 2130 1291 2160 nichil
1326 2130 1444 2160 habere
1470 2129 1638 2170 potestatis
1663 2138 1699 2158 :ie
1730 2127 1837 2158 iuris-'⁰

181 2186 213 2214 et
236 2182 437 2223 'Quicunque
464 2184 494 2213 in
520 2182 657 2212 heresim
676 2182 882 2222 danipnatam
908 2182 1034 2214 labitur.
1060 2183 1089 2212 in
1114 2182 1182 2222 ipsa
1208 2181 1434 2221 dampnatione
1459 2191 1492 2210 se
1517 2181 1620 2220 ipsum
1645 2179 1836 2212 i11v01vit'10,

180 2235 234 2265 ubi
257 2235 331 2265 dicit
347 2234 447 2275 glos.¹¹
467 2245 522 2264 012:
547 2233 620 2263 ‘Hic
639 2234 722 2263 enim
741 2244 831 2264 casus
849 2237 906 2271 est„
932 2235 961 2263 in
980 2243 1042 2273 qno
1060 2234 1157 2263 etiam
1184 2243 1268 2273 papa
1292 2242 1445 2262 canonem
1471 2231 1534 2261 late
1552 2231 1709 2261 sententie
1727 2229 1836 2259 incidit

180 2287 248 2326 ipso
266 2286 353 2316 iure³.
391 2286 459 2316 Nec
482 2286 561 2315 hiisa
579 2285 686 2315 obviat
711 2285 764 2315 illa
782 2285 905 2325 regula:
931 2284 1010 2315 ‘Par
1034 2295 1143 2325 parem
1168 2289 1250 2314 nons¹
1275 2287 1381 2324 potest
1405 2283 1527 2313 solvere
1546 2282 1594 2312 vel
1617 2281 1735 2321 ligai·e³,
1762 2281 1835 2320 quia

180 2348 263 2378 papa
287 2337 445 2368 hereticus
470 2337 572 2367 minor
595 2340 644 2367 est
668 2347 870 2377 quoe-unique
895 2336 1063 2367 catholico.
1099 2336 1168 2365 Lex
1193 2336 1275 2365 enim
1300 2335 1403 2375 ipsum
1429 2334 1547 2364 factum
1571 2336 1661 2363 notat
1685 2336 1735 2362 etl‘
1759 2342 1833 2362 con-

282 2438 347 2464 437.
386 2438 408 2469 1’)
429 2440 450 2463 ci
471 2440 514 2474 2'..
585 2438 607 2469 c)
626 2440 673 2471 q.1
693 2439 755 2463 add.
776 2440 799 2462 ⁴2.
890 2437 914 2463 d)
935 2439 1000 2462 cath.
1021 2443 1045 2462 et
1064 2447 1104 2469 ap.
1124 2439 1185 2462 eccl.
1206 2437 1229 2462 ⁵2.
1319 2441 1341 2465 Ε)
1362 2422 1524 2461 veliementer
1543 2438 1566 2460 2.
1655 2434 1673 2465 ¹⁶)
1692 2441 1714 2459 et
1735 2433 1832 2458 11172792.

179 2482 204 2513 8)
231 2486 255 2507 et
273 2483 299 2506 in
317 2483 516 2513 allegationibus
541 2482 607 2506 deest
628 2482 650 2506 1.
753 2481 777 2511 h)
805 2482 993 2506 convincantur
1012 2480 1036 2505 33.
1140 2480 1156 2507 fl)
1186 2481 1338 2505 contendere
1360 2478 1456 2503 1.2.3.
1557 2477 1581 2507 k)
1609 2478 1743 2502 defendere
1767 2476 1790 2500 2.
1810 2476 1832 2500 ·3.

136 2527 161 2545 45
182 2523 199 2556 l)
218 2525 304 2557 lapsus
324 2524 347 2548 23.
436 2526 467 2555 11Ι)
486 2525 555 2556 dign.
569 2529 619 2556 pot.
633 2530 701 2548 auct.
721 2524 745 2548 3.
835 2525 858 2554 Π)
879 2525 923 2548 ubi
942 2524 1003 2548 dicit
1021 2524 1055 2555 gl.
1076 2524 1127 2548 iles.
1146 2523 1170 2548 2.
1259 2524 1282 2553 0)
1302 2531 1348 2547 nec
1368 2524 1391 2546 2.
1481 2522 1503 2552 1³)
1521 2526 1598 2552 atque
1617 2521 1644 2546 '32
1668 2521 1721 2544 sive
1739 2519 1762 2543 3.

284 2602 309 2634 1)
330 2601 426 2626 Mattlz.
443 2606 478 2633 16,
493 2606 530 2627 w.
601 2602 627 2632 ⁵2)
646 2601 692 2626 Di.
710 2601 777 2626 XX.
849 2601 875 2631 3)
896 2610 916 2626 e.
934 2604 947 2625 Γ
966 2600 991 2625 (¹.
1009 2600 1067 2625 XX
1076 2600 1151 2632 an.
1168 2605 1180 2625 1
1198 2602 1221 2624 rt
1237 2607 1257 2624 c.
1273 2603 1287 2624 4,
1303 2598 1329 2623 C.
1346 2598 1407 2623 XX
1416 2597 1438 2621 V
1450 2606 1492 2629 qu.
1506 2602 1527 2622 2.
1599 2598 1625 2622 4»
1645 2604 1665 2620 c.
1680 2600 1694 2620 2
1708 2595 1752 2620 Di.
1768 2594 1830 2618 XV.

179 2645 205 2676 5)
234 2652 254 2670 c.
274 2648 288 2667 6
308 2644 337 2669 X
354 2644 383 2669 {le
410 2647 482 2669 statu
512 2645 631 2669 monach.
654 2644 728 2672 (III,
750 2645 801 2675 371).
907 2644 934 2675 6)
962 2643 1052 2674 Supra
1082 2651 1121 2668 nr.
1145 2645 1206 2668 436.
1313 2642 1338 2670 ἶ)
1367 2641 1454 2672 Supra
1483 2643 1542 2665 tom.
1571 2639 1595 2663 1⁷
1620 2647 1659 2665 nr.
1683 2643 1740 2662 ΗΜΛ
1772 2641 1830 2660 5'10-

179 2688 205 2717 8)
237 2688 276 2720 Cf.
295 2687 330 2712 K.
350 2687 449 2712 Me'eller
476 2687 585 2719 ίΕιίιὶμε)
614 2686 789 2711 Ak'tunsliaeclce
819 2695 844 2712 n,
864 2694 884 2712 s,
905 2686 942 2710 ια’
969 2686 994 2709 in
1023 2685 1188 2716 *Zcitscltril't
1214 2686 1261 2716 fni·
1284 2682 1492 2712 1ιίι’(ξῖιιίῑιμκκ-σῖιῇ
1518 2682 1557 2707 ῘἸ
1583 2684 1671 2709 (Is->¹41
1697 2684 1830 2712 p.‘i:‘sqr[.

178 2730 206 2759 91>
233 2738 252 2755 c.
267 2734 297 2755 31
319 2729 345 2754 C.
363 2729 472 2754 XXIV
487 2739 529 2761 qn.
545 2734 565 2754 1.
655 2730 696 2755 10.
724 2738 745 2755 c.
762 2734 771 2754 1
793 2728 854 2753 [bid.
875 2736 932 2754 curn
951 2728 1032 2760 yles«.
