2205 3025
450 116 545 143 ACTA
566 117 679 143 REGNI
698 116 889 144 LUDEWICI
910 117 956 144 IV.
977 118 1021 143 ET
1041 118 1225 145 FRIDERICI
1244 119 1291 144 IlI.
1331 119 1404 145 1327.
1442 119 1560 146 N1·.31·2.

1773 123 1791 152 '0

1796 123 1822 152 ’ἐξ

1825 126 1834 151 ,Ν

288 202 469 233 Ludovicus
492 202 554 233 Dei
578 203 682 243 gratia
704 202 925 234 Romanorum
949 214 1006 234 rex
1030 215 1157 245 semper
1181 208 1344 246 augustus.

290 256 316 284 1.
353 253 404 284 Ad
429 254 489 284 hoc
512 263 570 283 nos
594 253 647 283 ille
672 254 745 294 quia
769 254 874 285 celum
898 258 1080 296 terramque
1109 256 1193 296 regit
1216 266 1272 286 sua
1297 257 1509 297 omnipotenti
1533 257 1733 289 ordinatione
1757 269 1831 289 con-

177 305 289 343 stituit,
313 308 348 334 ut
372 305 454 334 inter
477 307 600 334 ceteras
624 307 748 334 nostras
772 305 992 336 solicitudine-s
1016 306 1075 337 hec
1099 307 1140 337 sit
1156 308 1247 347 quasi
1264 308 1425 348 precipua,
1451 307 1505 350 [ut]
1524 308 1670 340 ordinum
1687 310 1832 340 eumuni-

177 355 278 386 tatesb
301 366 357 386 seu
373 355 538 386 libertates
555 355 742 386 clericorum
760 356 901 386 omnium
922 357 1131 388 seculariumc
1147 369 1203 389 seu
1221 359 1442 399 religiosorum
1460 370 1582 391 necnon
1607 361 1709 391 tocius
1733 364 1833 391 status

146 416 157 433 ⁵
177 406 384 437 ecelesiastici
402 415 601 443 conservare,
626 409 834 437 manutenere
861 418 897 437 ac
919 407 1115 443 deffendere,
1140 409 1237 440 immo
1262 411 1359 441 etiam
1382 414 1417 441 ut
1440 412 1542 441 cultus
1567 412 1690 442 divinus
1715 422 1756 442 ex
1772 411 1833 442 hoc

135 674 159 692 10

133 929 156 948 15

131 1183 156 1203 20

130 1696 155 1714 30

130 1956 154 1974 35

127 2212 153 2230 40

128 2531 154 2550 45

176 460 282 488 sumat
305 457 434 488 uberius
458 457 699 495 incrementum,
724 467 915 497 promovere
940 462 973 489 et
996 469 1115 499 augere
1140 460 1338 501 frequentius
1362 461 1547 493 debeamus.
1584 463 1633 494 Ne
1657 463 1754 504 igitur
1775 473 1831 504 pro

177 507 306 539 defectu
329 508 466 549 pastoris
490 518 546 539 seu
570 507 802 549 archiepiscopi
827 509 963 540 ecclesie
980 509 1269 551 Mediolan(ensis),
1294 513 1346 552 qui
1364 513 1501 543 eandem
1519 514 1687 545 eeclesiam
1704 515 1832 556 propria

176 560 374 593 temeritate,
408 559 559 590 videlicet
591 569 653 589 non
687 560 947 600 recognoscendo
981 561 1029 591 ius
1057 565 1198 592 nostrum
1229 566 1262 592 et
1292 564 1371 593 sacri
1400 563 1538 594 Romani
1569 566 1708 606 imperii,
1744 566 1833 596 euius

176 614 283 641 tamen
313 621 369 641 nos
399 621 508 641 sumus
536 621 629 641 verus
656 610 854 651 gubernator
884 615 916 641 et
944 615 1058 651 rector,
1088 613 1282 643 constituens
1311 624 1345 644 se
1373 618 1515 646 nostrum
1540 619 1572 646 et
1595 616 1671 648 dieti
1695 616 1831 647 Romani

178 662 303 702 imperii
332 662 457 692 hostem
491 661 653 702 publicum
684 666 715 692 et
743 662 899 693 rebellem
929 666 1080 703 tanquam
1110 664 1312 704 repudiatam
1345 665 1465 696 dimisit
1495 670 1527 696 et
1554 667 1654 698 multo
1685 671 1831 709 tempore

175 713 235 753 ipsi
260 713 369 744 debite
395 713 620 743 consolationis
645 716 676 743 et
701 713 859 754 refrigerii
883 713 1030 745 umbram
1048 714 1215 754 subtraxit,
1240 727 1354 747 nervus
1372 717 1588 749 ecclesiastice
1605 729 1661 749 seu
1677 719 1832 750 clericalis

174 765 340 806 religionis
371 768 426 795 aut
455 764 620 805 discipline
649 765 679 795 in
708 765 793 795 dieta
821 766 958 796 eeclesia
988 766 1129 796 totaliter
1157 766 1366 807 dirumpatur,
1397 769 1544 799 universo
1569 780 1646 810 ergo
1671 771 1766 809 clero,
1791 795 1797 802 .

173 817 353 857 prepositis.
380 840 386 846 .
405 840 411 846 .
430 815 611 855 abbatibus,
637 840 642 847 .
663 841 667 846 .
686 815 853 856 prioribus,
872 841 878 847 .
898 842 903 847 .
922 818 1080 848 canonicis
1098 828 1219 848 necnon
1237 818 1318 848 alliis
1336 819 1589 861 quibuscumque
1607 822 1831 853 ecclesiasticis

174 867 318 908 personis
341 868 407 898 sive
433 867 510 897 loeis
536 868 696 908 exemptis
721 871 752 898 et
776 878 838 898 non
863 869 1023 909 exemptis
1047 869 1193 905 civitatis,
1219 869 1357 900 diocesis
1381 874 1413 901 et
1437 871 1595 902 districtus
1616 873 1831 913 predictorum

175 918 397 949 favorabiliter
425 918 590 949 consulere
620 919 800 959 cupientes⁷
830 920 906 960 ipsis
934 930 971 950 ac
996 920 1132 951 ecclesie
1156 920 1389 952 Mediolanensi
1415 923 1574 953 antedicte
1598 923 1830 955 lionorabillem

173 981 210 1002 ae
234 971 411 1012 sapientem
437 970 559 1001 virumd
584 970 760 1001 Iohannem
786 971 825 1002 de
850 971 1104 1002 Viceeomitibus
1128 971 1167 1002 de
1191 972 1387 1010 Mediolano,
1413 973 1453 1004 de
1478 974 1566 1004 cuius
1590 975 1652 1005 tide
1677 979 1709 1006 et
1733 976 1830 1006 devo-

174 1023 259 1053 tione
284 1021 436 1052 fiduciam
462 1022 630 1062 spetialem
655 1023 809 1062 gerimus,
838 1022 976 1053 iudicem
1003 1024 1196 1054 ordinarium
1222 1024 1348 1063 damus,
1377 1025 1525 1061 facimus,
1556 1027 1774 1057 constituimus
1798 1031 1831 1058 et

174 1084 275 1114 usque
308 1073 347 1104 ad
382 1076 523 1103 nostrum
556 1077 587 1104 et
615 1074 696 1104 sacri
720 1073 856 1104 Romani
886 1075 1010 1115 imperii
1040 1075 1277 1115 beneplacitum
1308 1076 1509 1116 presentibus
1539 1077 1731 1108 ordinamus.
1778 1078 1830 1108 Sic.

174 1124 259 1165 quod
285 1125 352 1164 ipse
378 1125 407 1155 in
433 1125 565 1155 clericos
589 1135 644 1156 seu
670 1135 888 1166 quascumque
913 1126 1147 1157 ecclesiasticas
1172 1137 1325 1167 personas
1350 1132 1518 1168 exemptas
1535 1132 1566 1159 et
1583 1139 1644 1159 non
1663 1134 1830 1169 exemptas

175 1176 330 1207 dictorum
356 1176 491 1207 civitatis
520 1180 552 1207 et
579 1176 740 1207 districtus
768 1177 818 1206 vel
849 1187 921 1207 reos
950 1182 1005 1207 aut
1034 1188 1105 1208 reas
1134 1188 1191 1218 per
1214 1189 1248 1208 se
1273 1179 1322 1209 vel
1348 1190 1405 1219 per
1429 1179 1525 1209 alium
1550 1183 1605 1210 aut
1629 1179 1708 1210 alios
1731 1182 1832 1220 possit

174 1227 424 1258 iurisdietionem
449 1238 600 1258 exercere
618 1231 649 1258 et
667 1228 819 1258 iustitiam
838 1228 992 1259 exhibere
1011 1229 1222 1269 temporalem
1241 1231 1325 1260 omni
1343 1231 1450 1264 modo.
1475 1231 1556 1261 sicut
1572 1231 1831 1272 archiepiscopus

173 1278 423 1309 Mediolanensis
447 1279 583 1310 ecclesie
608 1280 657 1310 vel
683 1280 751 1310 eius
778 1280 913 1310 vicarius
937 1280 1096 1319 generalis
1120 1281 1144 1310 si
1170 1284 1276 1312 essent
1292 1286 1423 1322 possent
1440 1283 1651 1322 personaliter
1668 1293 1830 1314 exercere.

174 1330 346 1360 Brachium
379 1331 475 1361 etiam
507 1331 675 1361 cuiuslibet
708 1331 859 1361 secularis
891 1331 1002 1361 iudicis
1037 1343 1093 1372 pro
1125 1333 1308 1363 exercenda
1338 1333 1520 1364 huiusmodi
1551 1335 1768 1365 iurisdictione
1798 1339 1830 1365 et

174 1381 293 1411 iustitia
322 1381 465 1421 prefatus
490 1382 650 1412 lohannes
678 1383 728 1412 vel
759 1383 826 1412 eins
851 1383 936 1412 vices
959 1394 1090 1422 gerens,
1122 1394 1192 1414 eum
1218 1394 1297 1424 opus
1322 1385 1430 1421 fuerit,
1462 1386 1633 1426 implorare
1657 1387 1774 1426 poterit
1799 1390 1830 1416 ct

178 1431 320 1463 debebit.
356 1433 397 1463 Et
422 1433 507 1463 idem
532 1434 684 1464 secularis
708 1434 805 1464 iudex
831 1446 887 1475 pro
913 1436 1103 1466 executione
1128 1436 1354 1467 iurisdictionis
1378 1437 1476 1477 ipsius
1500 1438 1598 1468 debet
1620 1439 1678 1478 ipsi
1699 1438 1828 1469 Iohanni

174 1484 224 1514 vel
248 1495 304 1514 suo
330 1485 462 1519 vicario,
494 1496 564 1515 cum
590 1487 761 1526 requisitus
785 1487 893 1517 fuerit.
924 1487 981 1517 snb
1006 1488 1130 1527 pennab
1158 1488 1385 1528 indignationis
1414 1492 1519 1519 nostre
1549 1499 1669 1520 necnon
1701 1491 1829 1520 maioris

173 1545 291 1575 penne,
322 1546 417 1576 qnam
447 1541 553 1566 nostro
586 1537 716 1567 arbitrio
745 1548 946 1568 reservamus
976 1538 1109 1568 ulterius
1138 1539 1360 1579 infligendam,
1390 1540 1418 1569 in
1449 1540 1595 1570 omnibns
1620 1540 1830 1571 effectualiter

174 1587 350 1626 cooperari.
440 1587 553 1618 Nullus
577 1599 653 1629 crgo
680 1589 824 1622 vicarius,
854 1598 967 1622 rector.
997 1591 1184 1630 capitaneus
1208 1601 1264 1620 seu
1289 1591 1336 1620 ins
1361 1591 1469 1621 (licens
1494 1592 1521 1621 in
1548 1583 1827 1623 civitatesdioecsi

176 1641 208 1667 et
232 1637 374 1668 districtu
399 1639 561 1678 premissis
591 1641 620 1669 in
649 1640 780 1670 clericos
808 1641 873 1670 sivo
899 1641 1133 1671 ecclesiasticas
1158 1651 1311 1682 personas
1335 1642 1514 1673 antedictas
1538 1654 1659 1673 necnon
1685 1644 1713 1673 in
1739 1643 1829 1673 bonis

175 1691 207 1718 et
235 1689 381 1729 singulis,
415 1700 476 1730 quc
505 1691 721 1722 ecclesiastico
751 1693 845 1722 statui
875 1693 1035 1732 pertinere
1064 1692 1278 1725 dinoscuntur.
1311 1693 1561 1724 iurisdictionem
1591 1705 1646 1725 seu
1676 1695 1826 1725 iustitium

178 1740 277 1780 possit
300 1741 349 1770 vel
375 1742 493 1772 audeat
511 1743 639 1773 inantea
655 1743 837 1784 aliqualiter
855 1754 1018 1783 exercere,
1043 1744 1101 1774 nisi
1118 1755 1175 1784 per
1192 1744 1311 1775 dictum
1330 1746 1506 1775 iohannem
1524 1746 1574 1775 vel
1592 1747 1659 1776 eius
1676 1747 1827 1776 vicarium

172 1790 223 1821 vel
241 1792 350 1825 alium,
376 1802 471 1832 quem
490 1793 535 1823 eis
552 1794 582 1823 in
601 1798 762 1834 posterum
781 1794 964 1825 duxerimus
982 1795 1118 1825 iudicem
1138 1795 1367 1836 deputandum,
1392 1797 1487 1827 fuerit
1504 1797 1703 1837 specialiter²¹
1722 1798 1826 1838 requi—

172 1842 250 1872 situs
275 1847 306 1873 et
330 1844 429 1883 ipsius
453 1845 530 1874 assit
554 1846 743 1885 exp1·essus¹³
768 1845 1006 1887 beneplacitum
1033 1851 1064 1877 et
1088 1857 1245 1880 assensus,
1270 1848 1349 1878 sicut
1374 1858 1494 1888 pennas
1512 1849 1641 1879 inferius
1659 1859 1827 1889 expressas

173 1893 282 1924 volunt
307 1896 438 1926 evitare.

282 1947 310 1976 2.
347 1947 398 1976 Ad
423 1947 481 1977 hec
506 1948 602 1978 ctiam
628 1948 668 1978 de
692 1949 786 1979 solita
810 1953 918 1979 nostra
942 1949 1115 1980 elementia
1141 1950 1273 1990 prefatis
1290 1950 1376 1980 clero
1394 1955 1425 1981 et
1443 1951 1666 1981 ecclesiasticis
1684 1952 1826 1992 personis

173 1996 252 2026 hanc
282 1999 417 2037 gratiam
442 1998 574 2029 fecimus
599 2000 782 2040 spetialem,
817 2000 903 2041 qnod
933 2001 1035 2031 nullus
1060 2002 1204 2035 vicarius,
1231 2026 1261 2032 ..
1288 2006 1392 2032 rector
1415 2003 1464 2032 vel
1490 2006 1632 2043 potestas
1656 2013 1711 2033 seu
1736 2004 1826 2033 iuris—

173 2045 343 2079 dictionem
373 2049 513 2090 aliquam
539 2060 693 2081 exercens
717 2051 930 2092 temporalem
955 2053 1058 2083 aliave
1084 2063 1234 2093 persona,
1266 2053 1491 2094 cuiuscumque
1517 2053 1692 2094 dignitatis,
1723 2054 1825 2084 admi-

172 2099 375 2132 nistrationis,
400 2105 500 2131 status
525 2105 556 2132 et
580 2102 770 2133 conditionis
794 2104 920 2135 existat.
946 2104 1091 2134 nullaved
1117 2104 1251 2135 ecclesie
1276 2104 1325 2135 vel
1346 2105 1560 2135 universitatis
1577 2105 1825 2136 Mediolanensis

172 2149 221 2180 vel
245 2150 305 2180 alia
331 2151 371 2181 de
396 2156 504 2182 cetero
529 2152 626 2183 ullam
652 2153 781 2185 talleam
809 2154 860 2185 vel
889 2155 1059 2185 collectam
1088 2160 1144 2186 aut
1171 2156 1408 2196 impositionem
1435 2181 1464 2186 ..
1490 2156 1670 2192 abbatibus,
1697 2181 1726 2188 ..
1752 2168 1823 2197 pre-

172 2201 293 2240 positis,
311 2226 316 2231 .
333 2227 338 2232 .
356 2202 642 2243 archipresbiteris,
660 2203 678 2245 [.
695 2204 711 2246 ]
729 2206 939 2238 monasteriis,
959 2229 965 2236 .
981 2231 986 2236 .
1005 2206 1216 2247 hospitalibus
1233 2207 1354 2237 alliisve
1373 2207 1516 2237 ecclesiis
1532 2207 1582 2237 vel
1601 2207 1824 2238 ecclesiasticis

274 2303 338 2330 312.
367 2309 391 2335 ²²)
411 2314 491 2337 snpra
511 2307 604 2331 lineam
623 2308 685 2333 adil.
705 2317 724 2333 c.
802 2308 825 2340 ¹¹)
846 2310 880 2333 sic
899 2318 919 2334 c.
995 2315 1017 2340 θ)
1037 2311 1219 2334 seculariorum
1239 2319 1259 2334 c.
1331 2310 1355 2341 (¹)
1377 2329 1400 2334 ..
1421 2311 1482 2335 add.
1502 2320 1522 2335 c.
1593 2311 1615 2340 (ᾖ)
1635 2311 1733 2335 nullum
1754 2320 1784 2335 ne
1804 2319 1823 2334 c.

274 2388 374 2414 Actum
399 2392 430 2416 ut
458 2400 554 2424 supra,
582 2393 758 2425 presentibus
787 2393 897 2419 domino
923 2394 1054 2420 Zonfredo
1084 2394 1116 2420 de
1141 2394 1263 2420 Castana
1292 2394 1445 2420 canonicor»
1469 2394 1584 2420 ecclesie
1612 2393 1645 2420 de
1673 2393 1822 2421 Modoetia,

171 2428 281 2456 domino
302 2431 446 2459 Guilenzio
471 2434 505 2460 de
531 2434 558 2460 Ia
576 2434 672 2461 Strata
695 2438 721 2462 et
744 2436 864 2469 Filipolo
885 2437 979 2462 Bossio
1003 2437 1144 2463 canonicis
1167 2437 1262 2463 Sancti
1283 2437 1420 2463 Ambrosii
1444 2436 1618 2468 Mediol(an)i
1644 2436 1763 2462 testibus
1787 2436 1822 2461 ad

172 2471 222 2498 hec
244 2474 348 2500 vocatis
368 2478 396 2501 et
414 2476 529 2509 rogatis.

275 2525 311 2556 (S.
323 2525 367 2558 N.)
388 2526 445 2560 Ego
460 2527 580 2554 Paxiuus
600 2529 672 2554 filius
692 2529 797 2555 domini
813 2530 918 2555 Carloti
934 2530 966 2556 de
981 2530 1081 2556 Serouo
1101 2529 1226 2556 civitatis
1239 2530 1391 2556 Mediolani
1407 2532 1485 2563 perte
1500 2529 1657 2555 Vercelline
1677 2528 1821 2562 parrochie

171 2565 334 2593 Monaste1·ii
356 2570 420 2594 novi
441 2571 572 2603 predictis
595 2572 812 2598 autenticationi
833 2575 859 2598 et
881 2572 1062 2598 insinuationi
1077 2581 1187 2606 presens
1207 2573 1247 2598 fui
1265 2575 1291 2599 et
1312 2573 1382 2598 hane
1402 2572 1651 2599 autenticationem
1671 2574 1697 2597 et
1719 2571 1820 2596 insinu-

171 2609 293 2635 ationem
313 2619 374 2636 cum
395 2613 538 2639 autentico
559 2613 628 2640 dieti
651 2614 791 2648 privilegii
819 2615 970 2648 diligenter
995 2616 1132 2641 asenitavi
1161 2618 1189 2641 et
1212 2615 1277 2648 quia
1303 2624 1364 2641 cuin
1388 2624 1418 2641 eo
1439 2615 1604 2641 concordare
1630 2613 1734 2644 inveni,
1760 2613 1820 2639 idco

171 2652 282 2683 tradidi,
302 2653 400 2687 scripsi
420 2658 447 2681 et
468 2656 626 2690 subscripsi.

274 2722 297 2751 ἶ1)
316 2726 422 2750 cancii-a
441 2731 471 2750 tr.
