<?xml version="1.0" encoding="UTF-8"?>
<!DOCTYPE html PUBLIC "-//W3C//DTD XHTML 1.0 Transitional//EN"
    "http://www.w3.org/TR/xhtml1/DTD/xhtml1-transitional.dtd">
<html xmlns="http://www.w3.org/1999/xhtml" xml:lang="en" lang="en">
 <head>
  <title>
</title>
<meta http-equiv="Content-Type" content="text/html;charset=utf-8" />
  <meta name='ocr-system' content='tesseract 3.04.00' />
  <meta name='ocr-capabilities' content='ocr_page ocr_carea ocr_par ocr_line ocrx_word'/>
</head>
<body>
  <div class='ocr_page' id='page_1' title='image "./monumentagermani0601geseuoft/monumentagermani0601geseuoft_0714.png"; bbox 0 0 2205 3025; ppageno 0'>
   <div class='ocr_carea' id='block_1_1' title="bbox 355 157 1555 192">
    <p class='ocr_par' dir='ltr' id='par_1_1' title="bbox 355 157 1555 192">
     <span class='ocr_line' id='line_1_1' title="bbox 355 157 1555 192; baseline 0.001 -10"><span class='ocrx_word' id='word_1_1' title='bbox 355 166 414 192; x_wconf 61' lang='lat'>&lt;57⁴3</span> <span class='ocrx_word' id='word_1_2' title='bbox 792 158 885 184; x_wconf 67' lang='lat' dir='ltr'>ACTA</span> <span class='ocrx_word' id='word_1_3' title='bbox 908 158 1018 184; x_wconf 57' lang='lat' dir='ltr'>ffliGNi</span> <span class='ocrx_word' id='word_1_4' title='bbox 1040 157 1219 184; x_wconf 58' lang='lat' dir='ltr'>LEDEWICI</span> <span class='ocrx_word' id='word_1_5' title='bbox 1242 157 1286 183; x_wconf 86' lang='lat' dir='ltr'>lv.</span> <span class='ocrx_word' id='word_1_6' title='bbox 1326 158 1398 184; x_wconf 63' lang='lat'><strong>13:³0.</strong></span> <span class='ocrx_word' id='word_1_7' title='bbox 1436 157 1555 183; x_wconf 77' lang='lat' dir='ltr'>N1·.79S.</span> 
     </span>
    </p>
   </div>
   <div class='ocr_carea' id='block_1_2' title="bbox 352 243 2011 1774">
    <p class='ocr_par' dir='ltr' id='par_1_2' title="bbox 352 243 2011 1774">
     <span class='ocr_line' id='line_1_2' title="bbox 355 243 2005 285; baseline 0.001 -9"><span class='ocrx_word' id='word_1_8' title='bbox 355 246 555 276; x_wconf 77' lang='lat' dir='ltr'>versitatiluis</span> <span class='ocrx_word' id='word_1_9' title='bbox 594 257 630 275; x_wconf 84' lang='lat' dir='ltr'>ae</span> <span class='ocrx_word' id='word_1_10' title='bbox 668 245 811 285; x_wconf 81' lang='lat' dir='ltr'>personis</span> <span class='ocrx_word' id='word_1_11' title='bbox 841 244 911 274; x_wconf 84' lang='lat' dir='ltr'>aliis</span> <span class='ocrx_word' id='word_1_12' title='bbox 940 243 1152 283; x_wconf 69' lang='lat' dir='ltr'>singularibus</span> <span class='ocrx_word' id='word_1_13' title='bbox 1182 243 1437 284; x_wconf 68' lang='lat' dir='ltr'>quibuscunque,</span> <span class='ocrx_word' id='word_1_14' title='bbox 1473 243 1687 285; x_wconf 87' lang='lat' dir='ltr'>cuiuscunque</span> <span class='ocrx_word' id='word_1_15' title='bbox 1729 245 1919 276; x_wconf 87' lang='lat' dir='ltr'>conditionis</span> <span class='ocrx_word' id='word_1_16' title='bbox 1951 250 2005 277; x_wconf 87' lang='lat' dir='ltr'>aut</span> 
     </span>
     <span class='ocr_line' id='line_1_3' title="bbox 353 294 2007 335; baseline 0.001 -8"><span class='ocrx_word' id='word_1_17' title='bbox 353 302 453 327; x_wconf 75' lang='lat' dir='ltr'>status</span> <span class='ocrx_word' id='word_1_18' title='bbox 471 298 654 327; x_wconf 77' lang='lat' dir='ltr'>existerent.</span> <span class='ocrx_word' id='word_1_19' title='bbox 681 296 806 326; x_wconf 78' lang='lat' dir='ltr'>etiamsi</span> <span class='ocrx_word' id='word_1_20' title='bbox 832 295 930 335; x_wconf 68' lang='lat' dir='ltr'>regali</span> <span class='ocrx_word' id='word_1_21' title='bbox 952 295 1000 325; x_wconf 83' lang='lat' dir='ltr'>vel</span> <span class='ocrx_word' id='word_1_22' title='bbox 1027 295 1089 324; x_wconf 84' lang='lat' dir='ltr'>alia</span> <span class='ocrx_word' id='word_1_23' title='bbox 1114 305 1315 335; x_wconf 86' lang='lat' dir='ltr'>quacumque</span> <span class='ocrx_word' id='word_1_24' title='bbox 1341 294 1496 335; x_wconf 82' lang='lat' dir='ltr'>dignitate</span> <span class='ocrx_word' id='word_1_25' title='bbox 1520 294 1689 335; x_wconf 76' lang='lat' dir='ltr'>fulgerent,</span> <span class='ocrx_word' id='word_1_26' title='bbox 1713 296 1743 326; x_wconf 91' lang='lat' dir='ltr'>in</span> <span class='ocrx_word' id='word_1_27' title='bbox 1762 296 1875 328; x_wconf 84' lang='lat' dir='ltr'>virtute</span> <span class='ocrx_word' id='word_1_28' title='bbox 1899 301 2007 328; x_wconf 88' lang='lat' dir='ltr'>sancte</span> 
     </span>
     <span class='ocr_line' id='line_1_4' title="bbox 355 346 2009 388; baseline 0.001 -10"><span class='ocrx_word' id='word_1_29' title='bbox 355 349 537 379; x_wconf 83' lang='lat' dir='ltr'>obedientie</span> <span class='ocrx_word' id='word_1_30' title='bbox 567 359 603 377; x_wconf 83' lang='lat' dir='ltr'>ao</span> <span class='ocrx_word' id='word_1_31' title='bbox 629 347 687 377; x_wconf 87' lang='lat' dir='ltr'>sub</span> <span class='ocrx_word' id='word_1_32' title='bbox 714 346 1055 377; x_wconf 79' lang='lat' dir='ltr'>excommunicationis</span> <span class='ocrx_word' id='word_1_33' title='bbox 1086 347 1115 376; x_wconf 91' lang='lat' dir='ltr'>in</span> <span class='ocrx_word' id='word_1_34' title='bbox 1146 356 1299 386; x_wconf 85' lang='lat' dir='ltr'>personas</span> <span class='ocrx_word' id='word_1_35' title='bbox 1329 346 1506 386; x_wconf 70' lang='lat' dir='ltr'>singulares</span> <span class='ocrx_word' id='word_1_36' title='bbox 1535 349 1567 376; x_wconf 85' lang='lat' dir='ltr'>et</span> <span class='ocrx_word' id='word_1_37' title='bbox 1596 347 1756 377; x_wconf 74' lang='lat' dir='ltr'>interdicti</span> <span class='ocrx_word' id='word_1_38' title='bbox 1786 348 1815 377; x_wconf 92' lang='lat' dir='ltr'>in</span> <span class='ocrx_word' id='word_1_39' title='bbox 1848 347 2009 388; x_wconf 82' lang='lat' dir='ltr'>predictas</span> 
     </span>
     <span class='ocr_line' id='line_1_5' title="bbox 355 397 2007 438; baseline 0 -9"><span class='ocrx_word' id='word_1_40' title='bbox 355 402 508 433; x_wconf 76' lang='lat' dir='ltr'>civitates,</span> <span class='ocrx_word' id='word_1_41' title='bbox 535 402 644 436; x_wconf 84' lang='lat' dir='ltr'>terras,</span> <span class='ocrx_word' id='word_1_42' title='bbox 671 398 917 428; x_wconf 83' lang='lat' dir='ltr'>eomnumitates</span> <span class='ocrx_word' id='word_1_43' title='bbox 942 400 974 428; x_wconf 85' lang='lat' dir='ltr'>et</span> <span class='ocrx_word' id='word_1_44' title='bbox 998 398 1231 428; x_wconf 81' lang='lat' dir='ltr'>universitates.</span> <span class='ocrx_word' id='word_1_45' title='bbox 1260 408 1356 438; x_wconf 83' lang='lat' dir='ltr'>quam</span> <span class='ocrx_word' id='word_1_46' title='bbox 1381 408 1435 428; x_wconf 86' lang='lat' dir='ltr'>eos</span> <span class='ocrx_word' id='word_1_47' title='bbox 1460 397 1540 438; x_wconf 84' lang='lat' dir='ltr'>quim</span> <span class='ocrx_word' id='word_1_48' title='bbox 1565 398 1822 429; x_wconf 76' lang='lat' dir='ltr'>contrafacerent</span> <span class='ocrx_word' id='word_1_49' title='bbox 1846 399 2007 430; x_wconf 86' lang='lat' dir='ltr'>incurrere</span> 
     </span>
     <span class='ocr_line' id='line_1_6' title="bbox 353 448 2007 490; baseline -0.001 -9"><span class='ocrx_word' id='word_1_50' title='bbox 353 452 510 481; x_wconf 76' lang='lat' dir='ltr'>voluimus</span> <span class='ocrx_word' id='word_1_51' title='bbox 541 451 609 490; x_wconf 87' lang='lat' dir='ltr'>ipso</span> <span class='ocrx_word' id='word_1_52' title='bbox 635 451 736 486; x_wconf 79' lang='lat' dir='ltr'>facto,</span> <span class='ocrx_word' id='word_1_53' title='bbox 767 459 890 479; x_wconf 88' lang='lat' dir='ltr'>necnon</span> <span class='ocrx_word' id='word_1_54' title='bbox 921 449 1105 489; x_wconf 71' lang='lat' dir='ltr'>privationis</span> <span class='ocrx_word' id='word_1_55' title='bbox 1136 448 1374 489; x_wconf 77' lang='lat' dir='ltr'>privilegiorum</span> <span class='ocrx_word' id='word_1_56' title='bbox 1405 459 1667 490; x_wconf 87' lang='lat' dir='ltr'>quorumcunque</span> <span class='ocrx_word' id='word_1_57' title='bbox 1696 450 1945 490; x_wconf 86' lang='lat' dir='ltr'>apostolicorum</span> <span class='ocrx_word' id='word_1_58' title='bbox 1975 453 2007 481; x_wconf 88' lang='lat' dir='ltr'>et</span> 
     </span>
     <span class='ocr_line' id='line_1_7' title="bbox 353 500 2007 542; baseline 0 -10"><span class='ocrx_word' id='word_1_59' title='bbox 353 502 563 542; x_wconf 70' lang='lat' dir='ltr'>imperialium</span> <span class='ocrx_word' id='word_1_60' title='bbox 590 512 626 531; x_wconf 87' lang='lat' dir='ltr'>ac</span> <span class='ocrx_word' id='word_1_61' title='bbox 653 501 831 532; x_wconf 86' lang='lat' dir='ltr'>feudorum.</span> <span class='ocrx_word' id='word_1_62' title='bbox 857 501 1011 531; x_wconf 87' lang='lat' dir='ltr'>bonorum</span> <span class='ocrx_word' id='word_1_63' title='bbox 1038 503 1069 530; x_wconf 89' lang='lat' dir='ltr'>et</span> <span class='ocrx_word' id='word_1_64' title='bbox 1093 500 1259 537; x_wconf 84' lang='lat' dir='ltr'>honorum,</span> <span class='ocrx_word' id='word_1_65' title='bbox 1285 511 1345 541; x_wconf 89' lang='lat' dir='ltr'>que.</span> <span class='ocrx_word' id='word_1_66' title='bbox 1370 511 1389 531; x_wconf 82' lang='lat' dir='ltr'>a</span> <span class='ocrx_word' id='word_1_67' title='bbox 1405 500 1552 531; x_wconf 81' lang='lat' dir='ltr'>Romana</span> <span class='ocrx_word' id='word_1_68' title='bbox 1569 500 1619 531; x_wconf 87' lang='lat' dir='ltr'>vel</span> <span class='ocrx_word' id='word_1_69' title='bbox 1637 500 1799 542; x_wconf 73' lang='lat' dir='ltr'>quibusvis</span> <span class='ocrx_word' id='word_1_70' title='bbox 1815 501 1885 532; x_wconf 83' lang='lat' dir='ltr'>aliis</span> <span class='ocrx_word' id='word_1_71' title='bbox 1904 502 2007 532; x_wconf 91' lang='lat' dir='ltr'>eccle-</span> 
     </span>
     <span class='ocr_line' id='line_1_8' title="bbox 352 551 2009 592; baseline 0.001 -10"><span class='ocrx_word' id='word_1_72' title='bbox 352 555 407 583; x_wconf 81' lang='lat' dir='ltr'>siis</span> <span class='ocrx_word' id='word_1_73' title='bbox 436 563 490 583; x_wconf 83' lang='lat' dir='ltr'>seu</span> <span class='ocrx_word' id='word_1_74' title='bbox 517 553 638 592; x_wconf 88' lang='lat' dir='ltr'>inperio</span> <span class='ocrx_word' id='word_1_75' title='bbox 665 552 861 590; x_wconf 85' lang='lat' dir='ltr'>obtinerent,</span> <span class='ocrx_word' id='word_1_76' title='bbox 894 551 984 591; x_wconf 92' lang='lat' dir='ltr'>penis</span> <span class='ocrx_word' id='word_1_77' title='bbox 1014 554 1044 581; x_wconf 90' lang='lat' dir='ltr'>et</span> <span class='ocrx_word' id='word_1_78' title='bbox 1069 552 1240 582; x_wconf 76' lang='lat' dir='ltr'>sentenciis</span> <span class='ocrx_word' id='word_1_79' title='bbox 1269 551 1497 591; x_wconf 80' lang='lat' dir='ltr'>iniungendum</span> <span class='ocrx_word' id='word_1_80' title='bbox 1523 551 1665 582; x_wconf 83' lang='lat' dir='ltr'>districte</span> <span class='ocrx_word' id='word_1_81' title='bbox 1690 552 1875 583; x_wconf 83' lang='lat' dir='ltr'>duxerimus</span> <span class='ocrx_word' id='word_1_82' title='bbox 1898 556 1930 583; x_wconf 88' lang='lat' dir='ltr'>et</span> <span class='ocrx_word' id='word_1_83' title='bbox 1953 564 2009 583; x_wconf 81' lang='lat' dir='ltr'>ex-</span> 
     </span>
     <span class='ocr_line' id='line_1_9' title="bbox 353 602 2007 646; baseline 0.001 -13"><span class='ocrx_word' id='word_1_84' title='bbox 353 606 491 646; x_wconf 81' lang='lat' dir='ltr'>pressius</span> <span class='ocrx_word' id='word_1_85' title='bbox 516 603 735 637; x_wconf 69' lang='lat' dir='ltr'>inhibendum,</span> <span class='ocrx_word' id='word_1_86' title='bbox 761 614 799 634; x_wconf 86' lang='lat' dir='ltr'>ne</span> <span class='ocrx_word' id='word_1_87' title='bbox 825 604 949 643; x_wconf 73' lang='lat' dir='ltr'>prefato</span> <span class='ocrx_word' id='word_1_88' title='bbox 974 602 1138 633; x_wconf 85' lang='lat' dir='ltr'>Ludovico</span> <span class='ocrx_word' id='word_1_89' title='bbox 1164 603 1193 632; x_wconf 90' lang='lat' dir='ltr'>in</span> <span class='ocrx_word' id='word_1_90' title='bbox 1218 603 1288 641; x_wconf 84' lang='lat' dir='ltr'>hiis,</span> <span class='ocrx_word' id='word_1_91' title='bbox 1314 613 1374 643; x_wconf 85' lang='lat' dir='ltr'>que.</span> <span class='ocrx_word' id='word_1_92' title='bbox 1399 602 1439 633; x_wconf 87' lang='lat' dir='ltr'>ad</span> <span class='ocrx_word' id='word_1_93' title='bbox 1465 604 1607 643; x_wconf 82' lang='lat' dir='ltr'>regimen</span> <span class='ocrx_word' id='word_1_94' title='bbox 1632 603 1682 634; x_wconf 88' lang='lat' dir='ltr'>vel</span> <span class='ocrx_word' id='word_1_95' title='bbox 1700 603 2007 635; x_wconf 76' lang='lat' dir='ltr'>administrationem</span> 
     </span>
     <span class='ocr_line' id='line_1_10' title="bbox 352 654 2006 697; baseline 0 -12"><span class='ocrx_word' id='word_1_96' title='bbox 352 656 485 697; x_wconf 82' lang='lat' dir='ltr'>predicti</span> <span class='ocrx_word' id='word_1_97' title='bbox 512 656 599 696; x_wconf 73' lang='lat' dir='ltr'>regni</span> <span class='ocrx_word' id='word_1_98' title='bbox 626 666 682 685; x_wconf 90' lang='lat' dir='ltr'>scu</span> <span class='ocrx_word' id='word_1_99' title='bbox 707 655 832 695; x_wconf 86' lang='lat' dir='ltr'>imperii</span> <span class='ocrx_word' id='word_1_100' title='bbox 858 654 1070 695; x_wconf 68' lang='lat' dir='ltr'>pertinebant,</span> <span class='ocrx_word' id='word_1_101' title='bbox 1102 654 1344 695; x_wconf 84' lang='lat' dir='ltr'>quomodolibet</span> <span class='ocrx_word' id='word_1_102' title='bbox 1369 654 1571 685; x_wconf 73' lang='lat' dir='ltr'>intenderent</span> <span class='ocrx_word' id='word_1_103' title='bbox 1595 664 1651 685; x_wconf 86' lang='lat' dir='ltr'>seu</span> <span class='ocrx_word' id='word_1_104' title='bbox 1675 658 1825 695; x_wconf 84' lang='lat' dir='ltr'>parerent</span> <span class='ocrx_word' id='word_1_105' title='bbox 1853 665 1910 685; x_wconf 88' lang='lat' dir='ltr'>nec</span> <span class='ocrx_word' id='word_1_106' title='bbox 1935 666 2006 686; x_wconf 89' lang='lat' dir='ltr'>cum</span> 
     </span>
     <span class='ocr_line' id='line_1_11' title="bbox 353 705 2006 746; baseline 0 -9"><span class='ocrx_word' id='word_1_107' title='bbox 353 707 467 738; x_wconf 86' lang='lat' dir='ltr'>eodem</span> <span class='ocrx_word' id='word_1_108' title='bbox 494 707 532 737; x_wconf 87' lang='lat' dir='ltr'>dc</span> <span class='ocrx_word' id='word_1_109' title='bbox 558 707 664 737; x_wconf 87' lang='lat' dir='ltr'>heresi</span> <span class='ocrx_word' id='word_1_110' title='bbox 692 709 724 736; x_wconf 89' lang='lat' dir='ltr'>et</span> <span class='ocrx_word' id='word_1_111' title='bbox 748 707 896 736; x_wconf 84' lang='lat' dir='ltr'>scismate</span> <span class='ocrx_word' id='word_1_112' title='bbox 922 706 1157 746; x_wconf 83' lang='lat' dir='ltr'>condempnato</span> <span class='ocrx_word' id='word_1_113' title='bbox 1182 709 1216 736; x_wconf 87' lang='lat' dir='ltr'>ut</span> <span class='ocrx_word' id='word_1_114' title='bbox 1240 707 1433 746; x_wconf 86' lang='lat' dir='ltr'>premittitur</span> <span class='ocrx_word' id='word_1_115' title='bbox 1457 707 1684 746; x_wconf 77' lang='lat' dir='ltr'>participarent</span> <span class='ocrx_word' id='word_1_116' title='bbox 1708 709 1763 736; x_wconf 86' lang='lat' dir='ltr'>aut</span> <span class='ocrx_word' id='word_1_117' title='bbox 1788 705 1892 736; x_wconf 90' lang='lat' dir='ltr'>eidem</span> <span class='ocrx_word' id='word_1_118' title='bbox 1917 706 2006 737; x_wconf 83' lang='lat' dir='ltr'>fave-</span> 
     </span>
     <span class='ocr_line' id='line_1_12' title="bbox 352 757 2007 799; baseline -0.001 -10"><span class='ocrx_word' id='word_1_119' title='bbox 352 763 422 790; x_wconf 89' lang='lat' dir='ltr'>rent</span> <span class='ocrx_word' id='word_1_120' title='bbox 447 769 502 789; x_wconf 87' lang='lat' dir='ltr'>seu</span> <span class='ocrx_word' id='word_1_121' title='bbox 528 757 773 799; x_wconf 85' lang='lat' dir='ltr'>quomodolibet</span> <span class='ocrx_word' id='word_1_122' title='bbox 802 760 983 798; x_wconf 83' lang='lat' dir='ltr'>prestarent</span> <span class='ocrx_word' id='word_1_123' title='bbox 1006 758 1175 793; x_wconf 85' lang='lat' dir='ltr'>auxilium,</span> <span class='ocrx_word' id='word_1_124' title='bbox 1207 757 1371 788; x_wconf 89' lang='lat' dir='ltr'>consilium</span> <span class='ocrx_word' id='word_1_125' title='bbox 1398 758 1447 788; x_wconf 90' lang='lat' dir='ltr'>vel</span> <span class='ocrx_word' id='word_1_126' title='bbox 1480 757 1622 788; x_wconf 87' lang='lat' dir='ltr'>favorem</span> <span class='ocrx_word' id='word_1_127' title='bbox 1651 768 1709 788; x_wconf 84' lang='lat' dir='ltr'>nec</span> <span class='ocrx_word' id='word_1_128' title='bbox 1734 758 1920 798; x_wconf 80' lang='lat' dir='ltr'>privilegia,</span> <span class='ocrx_word' id='word_1_129' title='bbox 1948 758 2007 788; x_wconf 90' lang='lat' dir='ltr'>im-</span> 
     </span>
     <span class='ocr_line' id='line_1_13' title="bbox 353 808 2008 849; baseline -0.001 -9"><span class='ocrx_word' id='word_1_130' title='bbox 353 811 540 848; x_wconf 84' lang='lat' dir='ltr'>munitates,</span> <span class='ocrx_word' id='word_1_131' title='bbox 570 809 667 839; x_wconf 87' lang='lat' dir='ltr'>feuda</span> <span class='ocrx_word' id='word_1_132' title='bbox 692 809 743 839; x_wconf 89' lang='lat' dir='ltr'>vel</span> <span class='ocrx_word' id='word_1_133' title='bbox 768 810 835 839; x_wconf 82' lang='lat' dir='ltr'>iura</span> <span class='ocrx_word' id='word_1_134' title='bbox 860 818 1050 849; x_wconf 75' lang='lat' dir='ltr'>quecunque</span> <span class='ocrx_word' id='word_1_135' title='bbox 1075 810 1255 849; x_wconf 70' lang='lat' dir='ltr'>reciperent</span> <span class='ocrx_word' id='word_1_136' title='bbox 1288 809 1328 839; x_wconf 89' lang='lat' dir='ltr'>ab</span> <span class='ocrx_word' id='word_1_137' title='bbox 1357 808 1470 839; x_wconf 86' lang='lat' dir='ltr'>eodem</span> <span class='ocrx_word' id='word_1_138' title='bbox 1500 820 1558 839; x_wconf 90' lang='lat' dir='ltr'>nec</span> <span class='ocrx_word' id='word_1_139' title='bbox 1588 820 1627 840; x_wconf 88' lang='lat' dir='ltr'>ca</span> <span class='ocrx_word' id='word_1_140' title='bbox 1658 809 1717 839; x_wconf 85' lang='lat' dir='ltr'>sibi</span> <span class='ocrx_word' id='word_1_141' title='bbox 1742 813 2008 849; x_wconf 80' lang='lat' dir='ltr'>recognoscerent</span> 
     </span>
     <span class='ocr_line' id='line_1_14' title="bbox 353 860 2007 901; baseline -0.001 -9"><span class='ocrx_word' id='word_1_142' title='bbox 353 872 410 892; x_wconf 84' lang='lat' dir='ltr'>nee</span> <span class='ocrx_word' id='word_1_143' title='bbox 436 862 464 891; x_wconf 91' lang='lat' dir='ltr'>ei</span> <span class='ocrx_word' id='word_1_144' title='bbox 490 860 705 891; x_wconf 84' lang='lat' dir='ltr'>concederent</span> <span class='ocrx_word' id='word_1_145' title='bbox 730 860 915 896; x_wconf 78' lang='lat' dir='ltr'>dominium,</span> <span class='ocrx_word' id='word_1_146' title='bbox 941 861 1110 891; x_wconf 63' lang='lat' dir='ltr'>rectoriam</span> <span class='ocrx_word' id='word_1_147' title='bbox 1135 870 1191 890; x_wconf 86' lang='lat' dir='ltr'>seu</span> <span class='ocrx_word' id='word_1_148' title='bbox 1216 862 1409 900; x_wconf 84' lang='lat' dir='ltr'>potestatem</span> <span class='ocrx_word' id='word_1_149' title='bbox 1434 861 1463 890; x_wconf 88' lang='lat' dir='ltr'>in</span> <span class='ocrx_word' id='word_1_150' title='bbox 1489 860 1595 901; x_wconf 87' lang='lat' dir='ltr'>aliqua</span> <span class='ocrx_word' id='word_1_151' title='bbox 1612 860 1740 890; x_wconf 86' lang='lat' dir='ltr'>civitate</span> <span class='ocrx_word' id='word_1_152' title='bbox 1758 860 1809 891; x_wconf 90' lang='lat' dir='ltr'>vel</span> <span class='ocrx_word' id='word_1_153' title='bbox 1832 860 1902 891; x_wconf 92' lang='lat' dir='ltr'>loco</span> <span class='ocrx_word' id='word_1_154' title='bbox 1927 870 2007 891; x_wconf 84' lang='lat' dir='ltr'>neve</span> 
     </span>
     <span class='ocr_line' id='line_1_15' title="bbox 353 903 2007 952; baseline -0.001 -9"><span class='ocrx_word' id='word_1_155' title='bbox 353 924 422 943; x_wconf 84' lang='lat' dir='ltr'>cuni</span> <span class='ocrx_word' id='word_1_156' title='bbox 448 914 516 952; x_wconf 82' lang='lat' dir='ltr'>ipso</span> <span class='ocrx_word' id='word_1_157' title='bbox 543 912 640 942; x_wconf 85' lang='lat' dir='ltr'>etiam</span> <span class='ocrx_word' id='word_1_158' title='bbox 666 912 865 949; x_wconf 82' lang='lat' dir='ltr'>societatem,</span> <span class='ocrx_word' id='word_1_159' title='bbox 891 911 1196 950; x_wconf 76' lang='lat' dir='ltr'>confederationem,</span> <span class='ocrx_word' id='word_1_160' title='bbox 1221 903 1403 951; x_wconf 78' lang='lat' dir='ltr'>pactionem</span> <span class='ocrx_word' id='word_1_161' title='bbox 1427 915 1482 942; x_wconf 82' lang='lat' dir='ltr'>aut</span> <span class='ocrx_word' id='word_1_162' title='bbox 1506 912 1602 952; x_wconf 81' lang='lat' dir='ltr'>ligam</span> <span class='ocrx_word' id='word_1_163' title='bbox 1627 911 1852 942; x_wconf 88' lang='lat' dir='ltr'>contraherent</span> <span class='ocrx_word' id='word_1_164' title='bbox 1875 911 1925 942; x_wconf 89' lang='lat' dir='ltr'>vel</span> <span class='ocrx_word' id='word_1_165' title='bbox 1950 912 2007 942; x_wconf 93' lang='lat' dir='ltr'>ini-</span> 
     </span>
     <span class='ocr_line' id='line_1_16' title="bbox 353 963 2007 1004; baseline 0 -10"><span class='ocrx_word' id='word_1_166' title='bbox 353 969 422 995; x_wconf 85' lang='lat' dir='ltr'>rent</span> <span class='ocrx_word' id='word_1_167' title='bbox 447 968 478 994; x_wconf 87' lang='lat' dir='ltr'>et</span> <span class='ocrx_word' id='word_1_168' title='bbox 507 974 525 994; x_wconf 86' lang='lat' dir='ltr'>a</span> <span class='ocrx_word' id='word_1_169' title='bbox 549 963 641 994; x_wconf 86' lang='lat' dir='ltr'>factis</span> <span class='ocrx_word' id='word_1_170' title='bbox 672 966 703 993; x_wconf 86' lang='lat' dir='ltr'>et</span> <span class='ocrx_word' id='word_1_171' title='bbox 728 964 821 1002; x_wconf 80' lang='lat' dir='ltr'>initis,</span> <span class='ocrx_word' id='word_1_172' title='bbox 851 964 875 993; x_wconf 85' lang='lat' dir='ltr'>si</span> <span class='ocrx_word' id='word_1_173' title='bbox 901 973 962 1004; x_wconf 88' lang='lat' dir='ltr'>que</span> <span class='ocrx_word' id='word_1_174' title='bbox 987 964 1093 993; x_wconf 86' lang='lat' dir='ltr'>forsan</span> <span class='ocrx_word' id='word_1_175' title='bbox 1117 963 1301 1003; x_wconf 75' lang='lat' dir='ltr'>existerent,</span> <span class='ocrx_word' id='word_1_176' title='bbox 1327 967 1445 1003; x_wconf 85' lang='lat' dir='ltr'>quanto</span> <span class='ocrx_word' id='word_1_177' title='bbox 1470 963 1561 994; x_wconf 87' lang='lat' dir='ltr'>citius</span> <span class='ocrx_word' id='word_1_178' title='bbox 1588 963 1710 994; x_wconf 85' lang='lat' dir='ltr'>resilire</span> <span class='ocrx_word' id='word_1_179' title='bbox 1742 967 1889 993; x_wconf 84' lang='lat' dir='ltr'>curarent</span> <span class='ocrx_word' id='word_1_180' title='bbox 1918 973 2007 994; x_wconf 87' lang='lat' dir='ltr'>eum-</span> 
     </span>
     <span class='ocr_line' id='line_1_17' title="bbox 353 1014 2009 1056; baseline -0.001 -10"><span class='ocrx_word' id='word_1_181' title='bbox 353 1016 493 1056; x_wconf 83' lang='lat' dir='ltr'>demque</span> <span class='ocrx_word' id='word_1_182' title='bbox 518 1015 717 1046; x_wconf 60' lang='lat' dir='ltr'>&#39;Ludovicum</span> <span class='ocrx_word' id='word_1_183' title='bbox 743 1026 803 1045; x_wconf 91' lang='lat' dir='ltr'>non</span> <span class='ocrx_word' id='word_1_184' title='bbox 831 1016 1004 1046; x_wconf 79' lang='lat' dir='ltr'>retinerent</span> <span class='ocrx_word' id='word_1_185' title='bbox 1030 1015 1081 1045; x_wconf 90' lang='lat' dir='ltr'>vel</span> <span class='ocrx_word' id='word_1_186' title='bbox 1106 1015 1252 1045; x_wconf 84' lang='lat' dir='ltr'>foverent</span> <span class='ocrx_word' id='word_1_187' title='bbox 1275 1015 1304 1044; x_wconf 93' lang='lat' dir='ltr'>in</span> <span class='ocrx_word' id='word_1_188' title='bbox 1322 1015 1416 1044; x_wconf 83' lang='lat' dir='ltr'>Italia</span> <span class='ocrx_word' id='word_1_189' title='bbox 1440 1025 1496 1045; x_wconf 90' lang='lat' dir='ltr'>nec</span> <span class='ocrx_word' id='word_1_190' title='bbox 1523 1014 1627 1045; x_wconf 89' lang='lat' dir='ltr'>eidem</span> <span class='ocrx_word' id='word_1_191' title='bbox 1653 1025 1723 1044; x_wconf 83' lang='lat' dir='ltr'>cum</span> <span class='ocrx_word' id='word_1_192' title='bbox 1748 1015 1844 1044; x_wconf 85' lang='lat' dir='ltr'>armis</span> <span class='ocrx_word' id='word_1_193' title='bbox 1868 1015 1917 1045; x_wconf 87' lang='lat' dir='ltr'>vel</span> <span class='ocrx_word' id='word_1_194' title='bbox 1941 1015 2009 1045; x_wconf 88' lang='lat' dir='ltr'>sine</span> 
     </span>
     <span class='ocr_line' id='line_1_18' title="bbox 353 1065 2008 1107; baseline -0.001 -10"><span class='ocrx_word' id='word_1_195' title='bbox 353 1068 448 1097; x_wconf 85' lang='lat' dir='ltr'>armis</span> <span class='ocrx_word' id='word_1_196' title='bbox 482 1070 661 1107; x_wconf 70' lang='lat' dir='ltr'>prestarent</span> <span class='ocrx_word' id='word_1_197' title='bbox 697 1067 868 1099; x_wconf 77' lang='lat' dir='ltr'>auxilium,</span> <span class='ocrx_word' id='word_1_198' title='bbox 906 1066 1071 1096; x_wconf 82' lang='lat' dir='ltr'>consilium</span> <span class='ocrx_word' id='word_1_199' title='bbox 1109 1066 1158 1096; x_wconf 90' lang='lat' dir='ltr'>vel</span> <span class='ocrx_word' id='word_1_200' title='bbox 1194 1066 1337 1096; x_wconf 88' lang='lat' dir='ltr'>favorem</span> <span class='ocrx_word' id='word_1_201' title='bbox 1366 1066 1488 1096; x_wconf 87' lang='lat' dir='ltr'>directe</span> <span class='ocrx_word' id='word_1_202' title='bbox 1518 1065 1568 1096; x_wconf 84' lang='lat' dir='ltr'>vel</span> <span class='ocrx_word' id='word_1_203' title='bbox 1600 1065 1768 1098; x_wconf 82' lang='lat' dir='ltr'>indirecte.</span> <span class='ocrx_word' id='word_1_204' title='bbox 1799 1066 1927 1106; x_wconf 86' lang='lat' dir='ltr'>publice</span> <span class='ocrx_word' id='word_1_205' title='bbox 1958 1066 2008 1096; x_wconf 89' lang='lat' dir='ltr'>vel</span> 
     </span>
     <span class='ocr_line' id='line_1_19' title="bbox 354 1117 2008 1158; baseline 0.001 -11"><span class='ocrx_word' id='word_1_206' title='bbox 354 1119 487 1150; x_wconf 86' lang='lat' dir='ltr'>occulte.</span> <span class='ocrx_word' id='word_1_207' title='bbox 578 1121 651 1148; x_wconf 87' lang='lat' dir='ltr'>tunc</span> <span class='ocrx_word' id='word_1_208' title='bbox 669 1118 811 1158; x_wconf 78' lang='lat' dir='ltr'>apertius</span> <span class='ocrx_word' id='word_1_209' title='bbox 829 1118 1051 1148; x_wconf 78' lang='lat' dir='ltr'>nichilominus</span> <span class='ocrx_word' id='word_1_210' title='bbox 1069 1117 1293 1158; x_wconf 83' lang='lat' dir='ltr'>predicentesn</span> <span class='ocrx_word' id='word_1_211' title='bbox 1312 1117 1444 1153; x_wconf 73' lang='lat' dir='ltr'>eisdem,</span> <span class='ocrx_word' id='word_1_212' title='bbox 1469 1117 1553 1158; x_wconf 88' lang='lat' dir='ltr'>quod</span> <span class='ocrx_word' id='word_1_213' title='bbox 1571 1117 1723 1148; x_wconf 83' lang='lat' dir='ltr'>adversus</span> <span class='ocrx_word' id='word_1_214' title='bbox 1741 1117 1897 1155; x_wconf 82' lang='lat' dir='ltr'>civitates,</span> <span class='ocrx_word' id='word_1_215' title='bbox 1922 1128 2008 1148; x_wconf 85' lang='lat' dir='ltr'>com-</span> 
     </span>
     <span class='ocr_line' id='line_1_20' title="bbox 355 1168 2008 1210; baseline 0 -11"><span class='ocrx_word' id='word_1_216' title='bbox 355 1171 524 1200; x_wconf 78' lang='lat' dir='ltr'>munitates</span> <span class='ocrx_word' id='word_1_217' title='bbox 550 1173 582 1200; x_wconf 83' lang='lat' dir='ltr'>et</span> <span class='ocrx_word' id='word_1_218' title='bbox 606 1170 828 1200; x_wconf 77' lang='lat' dir='ltr'>universitates</span> <span class='ocrx_word' id='word_1_219' title='bbox 853 1180 975 1199; x_wconf 80' lang='lat' dir='ltr'>necnon</span> <span class='ocrx_word' id='word_1_220' title='bbox 1000 1180 1152 1209; x_wconf 81' lang='lat' dir='ltr'>personas</span> <span class='ocrx_word' id='word_1_221' title='bbox 1169 1169 1346 1209; x_wconf 75' lang='lat' dir='ltr'>singulares</span> <span class='ocrx_word' id='word_1_222' title='bbox 1363 1179 1591 1210; x_wconf 71' lang='lat' dir='ltr'>quascumque,</span> <span class='ocrx_word' id='word_1_223' title='bbox 1617 1179 1678 1209; x_wconf 90' lang='lat' dir='ltr'>que</span> <span class='ocrx_word' id='word_1_224' title='bbox 1696 1173 1806 1200; x_wconf 88' lang='lat' dir='ltr'>contra</span> <span class='ocrx_word' id='word_1_225' title='bbox 1822 1168 2008 1200; x_wconf 84' lang='lat' dir='ltr'>mandatum</span> 
     </span>
     <span class='ocr_line' id='line_1_21' title="bbox 354 1220 2008 1261; baseline -0.001 -10"><span class='ocrx_word' id='word_1_226' title='bbox 354 1225 386 1251; x_wconf 89' lang='lat' dir='ltr'>et</span> <span class='ocrx_word' id='word_1_227' title='bbox 412 1221 633 1252; x_wconf 79' lang='lat' dir='ltr'>inhibitionem</span> <span class='ocrx_word' id='word_1_228' title='bbox 660 1221 841 1251; x_wconf 89' lang='lat' dir='ltr'>huiusmodi</span> <span class='ocrx_word' id='word_1_229' title='bbox 866 1224 1086 1261; x_wconf 70' lang='lat' dir='ltr'>presumerent</span> <span class='ocrx_word' id='word_1_230' title='bbox 1110 1221 1232 1261; x_wconf 84' lang='lat' dir='ltr'>aliquid</span> <span class='ocrx_word' id='word_1_231' title='bbox 1249 1224 1453 1261; x_wconf 67' lang='lat' dir='ltr'>attemptare,</span> <span class='ocrx_word' id='word_1_232' title='bbox 1471 1220 1511 1250; x_wconf 78' lang='lat' dir='ltr'>acl</span> <span class='ocrx_word' id='word_1_233' title='bbox 1529 1221 1740 1261; x_wconf 79' lang='lat' dir='ltr'>privationem</span> <span class='ocrx_word' id='word_1_234' title='bbox 1759 1220 2008 1261; x_wconf 79' lang='lat' dir='ltr'>privilegiorum,</span> 
     </span>
     <span class='ocr_line' id='line_1_22' title="bbox 355 1271 2010 1312; baseline -0.001 -9"><span class='ocrx_word' id='word_1_235' title='bbox 355 1273 539 1309; x_wconf 77' lang='lat' dir='ltr'>feudorum,</span> <span class='ocrx_word' id='word_1_236' title='bbox 565 1272 724 1302; x_wconf 87' lang='lat' dir='ltr'>bonorum</span> <span class='ocrx_word' id='word_1_237' title='bbox 750 1275 781 1302; x_wconf 89' lang='lat' dir='ltr'>et</span> <span class='ocrx_word' id='word_1_238' title='bbox 806 1272 962 1302; x_wconf 89' lang='lat' dir='ltr'>honorum</span> <span class='ocrx_word' id='word_1_239' title='bbox 987 1271 1203 1312; x_wconf 84' lang='lat' dir='ltr'>predictorum</span> <span class='ocrx_word' id='word_1_240' title='bbox 1229 1275 1261 1302; x_wconf 89' lang='lat' dir='ltr'>et</span> <span class='ocrx_word' id='word_1_241' title='bbox 1284 1272 1363 1302; x_wconf 84' lang='lat' dir='ltr'>alias</span> <span class='ocrx_word' id='word_1_242' title='bbox 1387 1273 1578 1302; x_wconf 86' lang='lat' dir='ltr'>coniunctim</span> <span class='ocrx_word' id='word_1_243' title='bbox 1604 1271 1654 1302; x_wconf 87' lang='lat' dir='ltr'>vel</span> <span class='ocrx_word' id='word_1_244' title='bbox 1682 1271 1806 1302; x_wconf 82' lang='lat' dir='ltr'>divisim</span> <span class='ocrx_word' id='word_1_245' title='bbox 1835 1271 2010 1312; x_wconf 86' lang='lat' dir='ltr'>procedere</span> 
     </span>
     <span class='ocr_line' id='line_1_23' title="bbox 354 1322 2011 1364; baseline -0.001 -10"><span class='ocrx_word' id='word_1_246' title='bbox 354 1324 476 1363; x_wconf 82' lang='lat' dir='ltr'>absque</span> <span class='ocrx_word' id='word_1_247' title='bbox 502 1324 652 1353; x_wconf 73' lang='lat' dir='ltr'>citatione</span> <span class='ocrx_word' id='word_1_248' title='bbox 678 1323 750 1355; x_wconf 72' lang='lat' dir='ltr'>alia,</span> <span class='ocrx_word' id='word_1_249' title='bbox 775 1324 810 1356; x_wconf 68' lang='lat' dir='ltr'>si,</span> <span class='ocrx_word' id='word_1_250' title='bbox 837 1323 964 1363; x_wconf 84' lang='lat' dir='ltr'>quando</span> <span class='ocrx_word' id='word_1_251' title='bbox 990 1327 1022 1353; x_wconf 88' lang='lat' dir='ltr'>et</span> <span class='ocrx_word' id='word_1_252' title='bbox 1038 1324 1191 1364; x_wconf 79' lang='lat' dir='ltr'>quociens</span> <span class='ocrx_word' id='word_1_253' title='bbox 1216 1322 1305 1353; x_wconf 87' lang='lat' dir='ltr'>nobis</span> <span class='ocrx_word' id='word_1_254' title='bbox 1322 1323 1485 1353; x_wconf 85' lang='lat' dir='ltr'>videretur</span> <span class='ocrx_word' id='word_1_255' title='bbox 1502 1322 1688 1363; x_wconf 85' lang='lat' dir='ltr'>expediens,</span> <span class='ocrx_word' id='word_1_256' title='bbox 1714 1332 1906 1362; x_wconf 87' lang='lat' dir='ltr'>curaremus,</span> <span class='ocrx_word' id='word_1_257' title='bbox 1931 1323 2011 1353; x_wconf 88' lang='lat' dir='ltr'>sieut</span> 
     </span>
     <span class='ocr_line' id='line_1_24' title="bbox 355 1374 2011 1415; baseline 0.001 -11"><span class='ocrx_word' id='word_1_258' title='bbox 355 1376 385 1404; x_wconf 93' lang='lat' dir='ltr'>in</span> <span class='ocrx_word' id='word_1_259' title='bbox 411 1375 531 1405; x_wconf 85' lang='lat' dir='ltr'>eisdem</span> <span class='ocrx_word' id='word_1_260' title='bbox 557 1375 760 1414; x_wconf 81' lang='lat' dir='ltr'>processibus</span> <span class='ocrx_word' id='word_1_261' title='bbox 785 1375 910 1415; x_wconf 81' lang='lat' dir='ltr'>plenius</span> <span class='ocrx_word' id='word_1_262' title='bbox 935 1375 1147 1405; x_wconf 74' lang='lat' dir='ltr'>continetur-¹.</span> <span class='ocrx_word' id='word_1_263' title='bbox 1201 1375 1322 1405; x_wconf 80' lang='lat' dir='ltr'>Tamen</span> <span class='ocrx_word' id='word_1_264' title='bbox 1348 1374 1482 1414; x_wconf 89' lang='lat' dir='ltr'>predicti</span> <span class='ocrx_word' id='word_1_265' title='bbox 1508 1398 1538 1404; x_wconf 86' lang='lat'>..</span> <span class='ocrx_word' id='word_1_266' title='bbox 1564 1384 1742 1412; x_wconf 84' lang='lat' dir='ltr'>commune,</span> <span class='ocrx_word' id='word_1_267' title='bbox 1766 1374 1956 1405; x_wconf 82' lang='lat' dir='ltr'>universitas</span> <span class='ocrx_word' id='word_1_268' title='bbox 1980 1378 2011 1405; x_wconf 86' lang='lat' dir='ltr'>et</span> 
     </span>
     <span class='ocr_line' id='line_1_25' title="bbox 355 1425 2009 1466; baseline 0.001 -12"><span class='ocrx_word' id='word_1_269' title='bbox 355 1426 492 1466; x_wconf 89' lang='lat' dir='ltr'>populus</span> <span class='ocrx_word' id='word_1_270' title='bbox 517 1426 739 1464; x_wconf 68' lang='lat' dir='ltr'>Tudertinms)</span> <span class='ocrx_word' id='word_1_271' title='bbox 765 1430 916 1466; x_wconf 86' lang='lat' dir='ltr'>tanquam</span> <span class='ocrx_word' id='word_1_272' title='bbox 947 1437 1002 1455; x_wconf 85' lang='lat' dir='ltr'>sue</span> <span class='ocrx_word' id='word_1_273' title='bbox 1028 1426 1138 1456; x_wconf 86' lang='lat' dir='ltr'>salutis</span> <span class='ocrx_word' id='word_1_274' title='bbox 1163 1426 1355 1456; x_wconf 84' lang='lat' dir='ltr'>inmemores</span> <span class='ocrx_word' id='word_1_275' title='bbox 1379 1436 1415 1455; x_wconf 88' lang='lat' dir='ltr'>ac</span> <span class='ocrx_word' id='word_1_276' title='bbox 1440 1426 1568 1465; x_wconf 76' lang='lat' dir='ltr'>proprie</span> <span class='ocrx_word' id='word_1_277' title='bbox 1593 1426 1678 1455; x_wconf 89' lang='lat' dir='ltr'>famc</span> <span class='ocrx_word' id='word_1_278' title='bbox 1704 1425 1829 1466; x_wconf 83' lang='lat' dir='ltr'>prodigi</span> <span class='ocrx_word' id='word_1_279' title='bbox 1853 1429 1884 1456; x_wconf 91' lang='lat' dir='ltr'>et</span> <span class='ocrx_word' id='word_1_280' title='bbox 1909 1425 2009 1456; x_wconf 91' lang='lat' dir='ltr'>hono-</span> 
     </span>
     <span class='ocr_line' id='line_1_26' title="bbox 356 1476 2007 1518; baseline -0.001 -11"><span class='ocrx_word' id='word_1_281' title='bbox 356 1479 397 1507; x_wconf 88' lang='lat' dir='ltr'>ris</span> <span class='ocrx_word' id='word_1_282' title='bbox 423 1477 572 1517; x_wconf 85' lang='lat' dir='ltr'>predictis</span> <span class='ocrx_word' id='word_1_283' title='bbox 597 1477 765 1511; x_wconf 76' lang='lat' dir='ltr'>mandatis,</span> <span class='ocrx_word' id='word_1_284' title='bbox 790 1477 1032 1507; x_wconf 82' lang='lat' dir='ltr'>inhibitionibus</span> <span class='ocrx_word' id='word_1_285' title='bbox 1057 1488 1092 1507; x_wconf 88' lang='lat' dir='ltr'>ac</span> <span class='ocrx_word' id='word_1_286' title='bbox 1117 1477 1208 1518; x_wconf 86' lang='lat' dir='ltr'>penis</span> <span class='ocrx_word' id='word_1_287' title='bbox 1232 1482 1264 1507; x_wconf 87' lang='lat' dir='ltr'>ct</span> <span class='ocrx_word' id='word_1_288' title='bbox 1288 1477 1459 1507; x_wconf 86' lang='lat' dir='ltr'>sentenciis</span> <span class='ocrx_word' id='word_1_289' title='bbox 1483 1476 1628 1506; x_wconf 89' lang='lat' dir='ltr'>deductis</span> <span class='ocrx_word' id='word_1_290' title='bbox 1652 1487 1707 1507; x_wconf 86' lang='lat' dir='ltr'>sua</span> <span class='ocrx_word' id='word_1_291' title='bbox 1732 1476 1935 1516; x_wconf 82' lang='lat' dir='ltr'>dampnanda</span> <span class='ocrx_word' id='word_1_292' title='bbox 1961 1477 2007 1506; x_wconf 94' lang='lat' dir='ltr'>in-</span> 
     </span>
     <span class='ocr_line' id='line_1_27' title="bbox 356 1527 2009 1569; baseline 0.001 -12"><span class='ocrx_word' id='word_1_293' title='bbox 356 1529 442 1559; x_wconf 87' lang='lat' dir='ltr'>sania</span> <span class='ocrx_word' id='word_1_294' title='bbox 470 1529 499 1558; x_wconf 90' lang='lat' dir='ltr'>in</span> <span class='ocrx_word' id='word_1_295' title='bbox 524 1532 741 1568; x_wconf 82' lang='lat' dir='ltr'>contemptum</span> <span class='ocrx_word' id='word_1_296' title='bbox 767 1528 851 1558; x_wconf 88' lang='lat' dir='ltr'>dicto</span> <span class='ocrx_word' id='word_1_297' title='bbox 870 1529 1034 1559; x_wconf 87' lang='lat' dir='ltr'>Ludovico</span> <span class='ocrx_word' id='word_1_298' title='bbox 1052 1529 1180 1569; x_wconf 84' lang='lat' dir='ltr'>suisque</span> <span class='ocrx_word' id='word_1_299' title='bbox 1210 1528 1430 1568; x_wconf 80' lang='lat' dir='ltr'>complicibus,</span> <span class='ocrx_word' id='word_1_300' title='bbox 1456 1528 1634 1559; x_wconf 83' lang='lat' dir='ltr'>fautoribus</span> <span class='ocrx_word' id='word_1_301' title='bbox 1659 1532 1690 1558; x_wconf 87' lang='lat' dir='ltr'>et</span> <span class='ocrx_word' id='word_1_302' title='bbox 1714 1527 1913 1568; x_wconf 48' lang='lat' dir='ltr'>sequacibus</span> <span class='ocrx_word' id='word_1_303' title='bbox 1937 1539 2009 1558; x_wconf 89' lang='lat' dir='ltr'>cum</span> 
     </span>
     <span class='ocr_line' id='line_1_28' title="bbox 358 1579 2009 1620; baseline -0.001 -10"><span class='ocrx_word' id='word_1_304' title='bbox 358 1581 433 1610; x_wconf 87' lang='lat' dir='ltr'>olim</span> <span class='ocrx_word' id='word_1_305' title='bbox 459 1583 560 1610; x_wconf 85' lang='lat' dir='ltr'>terras</span> <span class='ocrx_word' id='word_1_306' title='bbox 585 1579 659 1609; x_wconf 85' lang='lat' dir='ltr'>dicti</span> <span class='ocrx_word' id='word_1_307' title='bbox 690 1580 871 1619; x_wconf 81' lang='lat' dir='ltr'>patrimonii</span> <span class='ocrx_word' id='word_1_308' title='bbox 904 1580 988 1610; x_wconf 88' lang='lat' dir='ltr'>beati</span> <span class='ocrx_word' id='word_1_309' title='bbox 1013 1580 1102 1610; x_wconf 90' lang='lat' dir='ltr'>Petri</span> <span class='ocrx_word' id='word_1_310' title='bbox 1135 1580 1164 1609; x_wconf 95' lang='lat' dir='ltr'>in</span> <span class='ocrx_word' id='word_1_311' title='bbox 1190 1580 1303 1610; x_wconf 82' lang='lat' dir='ltr'>Tuscia</span> <span class='ocrx_word' id='word_1_312' title='bbox 1333 1591 1389 1620; x_wconf 88' lang='lat' dir='ltr'>pro</span> <span class='ocrx_word' id='word_1_313' title='bbox 1420 1579 1610 1609; x_wconf 80' lang='lat' dir='ltr'>invadendis</span> <span class='ocrx_word' id='word_1_314' title='bbox 1641 1584 1672 1610; x_wconf 93' lang='lat' dir='ltr'>et</span> <span class='ocrx_word' id='word_1_315' title='bbox 1697 1579 1890 1619; x_wconf 80' lang='lat' dir='ltr'>occupandis</span> <span class='ocrx_word' id='word_1_316' title='bbox 1918 1580 2009 1609; x_wconf 88' lang='lat' dir='ltr'>terris</span> 
     </span>
     <span class='ocr_line' id='line_1_29' title="bbox 360 1630 2008 1671; baseline 0.001 -12"><span class='ocrx_word' id='word_1_317' title='bbox 360 1631 510 1671; x_wconf 75' lang='lat' dir='ltr'>predictis</span> <span class='ocrx_word' id='word_1_318' title='bbox 536 1630 746 1671; x_wconf 81' lang='lat' dir='ltr'>fidelibusque</span> <span class='ocrx_word' id='word_1_319' title='bbox 772 1630 891 1661; x_wconf 88' lang='lat' dir='ltr'>ibidem</span> <span class='ocrx_word' id='word_1_320' title='bbox 918 1631 1190 1661; x_wconf 62' lang='lat' dir='ltr'>ctuumor-antibus</span> <span class='ocrx_word' id='word_1_321' title='bbox 1215 1631 1415 1661; x_wconf 87' lang='lat' dir='ltr'>offendendis</span> <span class='ocrx_word' id='word_1_322' title='bbox 1440 1634 1472 1661; x_wconf 90' lang='lat' dir='ltr'>et</span> <span class='ocrx_word' id='word_1_323' title='bbox 1497 1630 1712 1671; x_wconf 84' lang='lat' dir='ltr'>depredandis</span> <span class='ocrx_word' id='word_1_324' title='bbox 1737 1631 1903 1664; x_wconf 77' lang='lat' dir='ltr'>intrarent,</span> <span class='ocrx_word' id='word_1_325' title='bbox 1935 1640 2008 1671; x_wconf 88' lang='lat' dir='ltr'>pre-</span> 
     </span>
     <span class='ocr_line' id='line_1_30' title="bbox 357 1682 2011 1723; baseline 0 -11"><span class='ocrx_word' id='word_1_326' title='bbox 357 1682 431 1712; x_wconf 74' lang='lat' dir='ltr'>dicti</span> <span class='ocrx_word' id='word_1_327' title='bbox 458 1706 488 1712; x_wconf 89' lang='lat'>..</span> <span class='ocrx_word' id='word_1_328' title='bbox 514 1692 696 1714; x_wconf 70' lang='lat' dir='ltr'>ccunmune.</span> <span class='ocrx_word' id='word_1_329' title='bbox 722 1683 911 1712; x_wconf 79' lang='lat' dir='ltr'>universitas</span> <span class='ocrx_word' id='word_1_330' title='bbox 941 1687 971 1713; x_wconf 89' lang='lat' dir='ltr'>ct</span> <span class='ocrx_word' id='word_1_331' title='bbox 1000 1683 1137 1723; x_wconf 87' lang='lat' dir='ltr'>populus</span> <span class='ocrx_word' id='word_1_332' title='bbox 1157 1682 1383 1723; x_wconf 80' lang='lat' dir='ltr'>,Tudertin(us)</span> <span class='ocrx_word' id='word_1_333' title='bbox 1415 1682 1602 1713; x_wconf 82' lang='lat' dir='ltr'>coadunatis</span> <span class='ocrx_word' id='word_1_334' title='bbox 1631 1682 1749 1712; x_wconf 86' lang='lat' dir='ltr'>viribus</span> <span class='ocrx_word' id='word_1_335' title='bbox 1777 1682 1948 1712; x_wconf 85' lang='lat' dir='ltr'>asisterunt</span> <span class='ocrx_word' id='word_1_336' title='bbox 1979 1685 2011 1712; x_wconf 87' lang='lat' dir='ltr'>et</span> 
     </span>
     <span class='ocr_line' id='line_1_31' title="bbox 353 1733 2008 1774; baseline 0 -11"><span class='ocrx_word' id='word_1_337' title='bbox 353 1734 548 1763; x_wconf 59' lang='lat' dir='ltr'>adlwscrunt</span> <span class='ocrx_word' id='word_1_338' title='bbox 573 1737 680 1763; x_wconf 65' lang='lat' dir='ltr'>‹mnu-a</span> <span class='ocrx_word' id='word_1_339' title='bbox 708 1738 919 1764; x_wconf 77' lang='lat' dir='ltr'>memoratam</span> <span class='ocrx_word' id='word_1_340' title='bbox 944 1734 1124 1764; x_wconf 79' lang='lat' dir='ltr'>Romanam</span> <span class='ocrx_word' id='word_1_341' title='bbox 1150 1734 1317 1765; x_wconf 83' lang='lat' dir='ltr'>ecclesiam</span> <span class='ocrx_word' id='word_1_342' title='bbox 1344 1744 1380 1764; x_wconf 82' lang='lat' dir='ltr'>ac</span> <span class='ocrx_word' id='word_1_343' title='bbox 1406 1734 1613 1774; x_wconf 79' lang='lat' dir='ltr'>prestiterunt</span> <span class='ocrx_word' id='word_1_344' title='bbox 1636 1734 1856 1773; x_wconf 85' lang='lat' dir='ltr'>multiplieiter</span> <span class='ocrx_word' id='word_1_345' title='bbox 1878 1733 2008 1769; x_wconf 76' lang='lat' dir='ltr'>auxilia,</span> 
     </span>
    </p>
   </div>
   <div class='ocr_carea' id='block_1_3' title="bbox 306 1785 700 1822">
    <p class='ocr_par' dir='ltr' id='par_1_3' title="bbox 306 1785 700 1822">
     <span class='ocr_line' id='line_1_32' title="bbox 306 1785 700 1822; baseline 0 -7"><span class='ocrx_word' id='word_1_346' title='bbox 306 1816 311 1822; x_wconf 57' lang='lat'>,</span> <span class='ocrx_word' id='word_1_347' title='bbox 353 1785 484 1815; x_wconf 61' lang='lat' dir='ltr'>consilia,</span> <span class='ocrx_word' id='word_1_348' title='bbox 509 1788 541 1814; x_wconf 84' lang='lat' dir='ltr'>et</span> <span class='ocrx_word' id='word_1_349' title='bbox 564 1785 700 1815; x_wconf 79' lang='lat' dir='ltr'>favores.</span> 
     </span>
    </p>
   </div>
   <div class='ocr_carea' id='block_1_4' title="bbox 353 1836 2007 2492">
    <p class='ocr_par' dir='ltr' id='par_1_4' title="bbox 353 1836 2007 2492">
     <span class='ocr_line' id='line_1_33' title="bbox 463 1836 2006 1876; baseline 0.001 -12"><span class='ocrx_word' id='word_1_350' title='bbox 463 1840 488 1865; x_wconf 71' lang='lat'>33.</span> <span class='ocrx_word' id='word_1_351' title='bbox 526 1836 565 1866; x_wconf 75' lang='lat' dir='ltr'>Et</span> <span class='ocrx_word' id='word_1_352' title='bbox 589 1836 823 1876; x_wconf 82' lang='lat' dir='ltr'>subsequenter</span> <span class='ocrx_word' id='word_1_353' title='bbox 839 1837 941 1866; x_wconf 86' lang='lat' dir='ltr'>missis</span> <span class='ocrx_word' id='word_1_354' title='bbox 966 1837 1005 1867; x_wconf 87' lang='lat' dir='ltr'>ad</span> <span class='ocrx_word' id='word_1_355' title='bbox 1025 1837 1161 1866; x_wconf 82' lang='lat' dir='ltr'>eimdem</span> <span class='ocrx_word' id='word_1_356' title='bbox 1179 1836 1377 1867; x_wconf 62' lang='lat' dir='ltr'>liudericum</span> <span class='ocrx_word' id='word_1_357' title='bbox 1395 1838 1458 1867; x_wconf 87' lang='lat' dir='ltr'>suis</span> <span class='ocrx_word' id='word_1_358' title='bbox 1477 1861 1481 1866; x_wconf 95' lang='lat'>.</span> <span class='ocrx_word' id='word_1_359' title='bbox 1501 1861 1506 1866; x_wconf 92' lang='lat'>.</span> <span class='ocrx_word' id='word_1_360' title='bbox 1531 1836 1806 1867; x_wconf 80' lang='lat' dir='ltr'>ambaxiatoribus</span> <span class='ocrx_word' id='word_1_361' title='bbox 1831 1839 1862 1867; x_wconf 88' lang='lat' dir='ltr'>et</span> <span class='ocrx_word' id='word_1_362' title='bbox 1886 1837 2006 1866; x_wconf 88' lang='lat' dir='ltr'>nunciis</span> 
     </span>
     <span class='ocr_line' id='line_1_34' title="bbox 353 1887 2005 1928; baseline 0.001 -12"><span class='ocrx_word' id='word_1_363' title='bbox 353 1887 536 1917; x_wconf 80' lang='lat' dir='ltr'>solennibus</span> <span class='ocrx_word' id='word_1_364' title='bbox 561 1887 735 1917; x_wconf 88' lang='lat' dir='ltr'>dominium</span> <span class='ocrx_word' id='word_1_365' title='bbox 767 1889 905 1918; x_wconf 84' lang='lat' dir='ltr'>civitatis</span> <span class='ocrx_word' id='word_1_366' title='bbox 930 1888 1132 1928; x_wconf 68' lang='lat' dir='ltr'>Tudertin(e‘)</span> <span class='ocrx_word' id='word_1_367' title='bbox 1167 1887 1324 1928; x_wconf 80' lang='lat' dir='ltr'>predicte,</span> <span class='ocrx_word' id='word_1_368' title='bbox 1354 1888 1437 1928; x_wconf 86' lang='lat' dir='ltr'>quod</span> <span class='ocrx_word' id='word_1_369' title='bbox 1467 1888 1507 1918; x_wconf 89' lang='lat' dir='ltr'>ad</span> <span class='ocrx_word' id='word_1_370' title='bbox 1539 1887 1674 1918; x_wconf 82' lang='lat' dir='ltr'>eandem</span> <span class='ocrx_word' id='word_1_371' title='bbox 1706 1887 1874 1918; x_wconf 87' lang='lat' dir='ltr'>ecclesiam</span> <span class='ocrx_word' id='word_1_372' title='bbox 1910 1887 2005 1927; x_wconf 90' lang='lat' dir='ltr'>pleno</span> 
     </span>
     <span class='ocr_line' id='line_1_35' title="bbox 354 1939 2006 1979; baseline 0 -11"><span class='ocrx_word' id='word_1_373' title='bbox 354 1940 421 1969; x_wconf 83' lang='lat' dir='ltr'>iure</span> <span class='ocrx_word' id='word_1_374' title='bbox 447 1939 606 1979; x_wconf 86' lang='lat' dir='ltr'>pertinere</span> <span class='ocrx_word' id='word_1_375' title='bbox 633 1939 813 1974; x_wconf 61' lang='lat' dir='ltr'>dinoscitur,</span> <span class='ocrx_word' id='word_1_376' title='bbox 840 1940 897 1979; x_wconf 87' lang='lat' dir='ltr'>ipsi</span> <span class='ocrx_word' id='word_1_377' title='bbox 916 1939 1079 1969; x_wconf 87' lang='lat' dir='ltr'>Ludovico</span> <span class='ocrx_word' id='word_1_378' title='bbox 1106 1940 1134 1968; x_wconf 90' lang='lat' dir='ltr'>in</span> <span class='ocrx_word' id='word_1_379' title='bbox 1152 1940 1355 1970; x_wconf 82' lang='lat' dir='ltr'>manifestam</span> <span class='ocrx_word' id='word_1_380' title='bbox 1381 1939 1524 1970; x_wconf 88' lang='lat' dir='ltr'>eiusdem</span> <span class='ocrx_word' id='word_1_381' title='bbox 1550 1940 1684 1969; x_wconf 86' lang='lat' dir='ltr'>ecclesie</span> <span class='ocrx_word' id='word_1_382' title='bbox 1708 1939 1854 1969; x_wconf 89' lang='lat' dir='ltr'>iniuriam</span> <span class='ocrx_word' id='word_1_383' title='bbox 1879 1942 1911 1969; x_wconf 85' lang='lat' dir='ltr'>et</span> <span class='ocrx_word' id='word_1_384' title='bbox 1934 1949 2006 1979; x_wconf 89' lang='lat' dir='ltr'>pre-</span> 
     </span>
     <span class='ocr_line' id='line_1_36' title="bbox 355 1990 2004 2025; baseline 0.001 -6"><span class='ocrx_word' id='word_1_385' title='bbox 355 1990 504 2020; x_wconf 82' lang='lat' dir='ltr'>iudicium</span> <span class='ocrx_word' id='word_1_386' title='bbox 531 1995 757 2020; x_wconf 81' lang='lat' dir='ltr'>concesserunt</span> <span class='ocrx_word' id='word_1_387' title='bbox 782 1991 820 2020; x_wconf 85' lang='lat' dir='ltr'>de</span> <span class='ocrx_word' id='word_1_388' title='bbox 846 1992 940 2025; x_wconf 74' lang='lat' dir='ltr'>facto,</span> <span class='ocrx_word' id='word_1_389' title='bbox 969 1990 1142 2021; x_wconf 84' lang='lat' dir='ltr'>Iohannem</span> <span class='ocrx_word' id='word_1_390' title='bbox 1167 1991 1247 2021; x_wconf 88' lang='lat' dir='ltr'>Tani</span> <span class='ocrx_word' id='word_1_391' title='bbox 1279 1990 1317 2021; x_wconf 86' lang='lat' dir='ltr'>de</span> <span class='ocrx_word' id='word_1_392' title='bbox 1343 1991 1499 2021; x_wconf 80' lang='lat' dir='ltr'>Susinana</span> <span class='ocrx_word' id='word_1_393' title='bbox 1532 1991 1561 2020; x_wconf 96' lang='lat' dir='ltr'>in</span> <span class='ocrx_word' id='word_1_394' title='bbox 1592 1990 1736 2020; x_wconf 84' lang='lat' dir='ltr'>eiusdem</span> <span class='ocrx_word' id='word_1_395' title='bbox 1760 1991 1896 2020; x_wconf 87' lang='lat' dir='ltr'>civitatis</span> <span class='ocrx_word' id='word_1_396' title='bbox 1920 1991 2004 2020; x_wconf 83' lang='lat' dir='ltr'>vica-</span> 
     </span>
     <span class='ocr_line' id='line_1_37' title="bbox 356 2040 2005 2082; baseline 0.001 -12"><span class='ocrx_word' id='word_1_397' title='bbox 356 2042 434 2071; x_wconf 87' lang='lat' dir='ltr'>rium</span> <span class='ocrx_word' id='word_1_398' title='bbox 461 2053 515 2081; x_wconf 85' lang='lat' dir='ltr'>pro</span> <span class='ocrx_word' id='word_1_399' title='bbox 548 2042 633 2071; x_wconf 87' lang='lat' dir='ltr'>dicto</span> <span class='ocrx_word' id='word_1_400' title='bbox 658 2041 821 2072; x_wconf 76' lang='lat' dir='ltr'>luidovico</span> <span class='ocrx_word' id='word_1_401' title='bbox 854 2042 995 2072; x_wconf 87' lang='lat' dir='ltr'>heretico</span> <span class='ocrx_word' id='word_1_402' title='bbox 1029 2046 1060 2072; x_wconf 84' lang='lat' dir='ltr'>et</span> <span class='ocrx_word' id='word_1_403' title='bbox 1089 2042 1268 2073; x_wconf 81' lang='lat' dir='ltr'>scismatico</span> <span class='ocrx_word' id='word_1_404' title='bbox 1299 2041 1494 2082; x_wconf 82' lang='lat' dir='ltr'>receptando</span> <span class='ocrx_word' id='word_1_405' title='bbox 1528 2046 1559 2071; x_wconf 91' lang='lat' dir='ltr'>et</span> <span class='ocrx_word' id='word_1_406' title='bbox 1590 2041 1811 2072; x_wconf 88' lang='lat' dir='ltr'>nichilominus</span> <span class='ocrx_word' id='word_1_407' title='bbox 1841 2040 2005 2071; x_wconf 85' lang='lat' dir='ltr'>Ludovico</span> 
     </span>
     <span class='ocr_line' id='line_1_38' title="bbox 356 2092 2006 2134; baseline 0.001 -13"><span class='ocrx_word' id='word_1_408' title='bbox 356 2093 480 2132; x_wconf 76' lang='lat' dir='ltr'>prefato</span> <span class='ocrx_word' id='word_1_409' title='bbox 511 2097 596 2122; x_wconf 87' lang='lat' dir='ltr'>certa</span> <span class='ocrx_word' id='word_1_410' title='bbox 625 2096 731 2122; x_wconf 80' lang='lat' dir='ltr'>contra</span> <span class='ocrx_word' id='word_1_411' title='bbox 770 2093 940 2123; x_wconf 84' lang='lat' dir='ltr'>ecelesiam</span> <span class='ocrx_word' id='word_1_412' title='bbox 976 2097 1007 2123; x_wconf 92' lang='lat' dir='ltr'>et</span> <span class='ocrx_word' id='word_1_413' title='bbox 1041 2094 1108 2123; x_wconf 88' lang='lat' dir='ltr'>eius</span> <span class='ocrx_word' id='word_1_414' title='bbox 1142 2093 1254 2124; x_wconf 83' lang='lat' dir='ltr'>tidelcs</span> <span class='ocrx_word' id='word_1_415' title='bbox 1282 2093 1439 2126; x_wconf 77' lang='lat' dir='ltr'>subsidia.</span> <span class='ocrx_word' id='word_1_416' title='bbox 1474 2094 1640 2133; x_wconf 89' lang='lat' dir='ltr'>presertim</span> <span class='ocrx_word' id='word_1_417' title='bbox 1673 2093 1711 2123; x_wconf 87' lang='lat' dir='ltr'>de</span> <span class='ocrx_word' id='word_1_418' title='bbox 1740 2093 1851 2134; x_wconf 84' lang='lat' dir='ltr'>viginti</span> <span class='ocrx_word' id='word_1_419' title='bbox 1879 2092 2006 2122; x_wconf 85' lang='lat' dir='ltr'>milibus</span> 
     </span>
     <span class='ocr_line' id='line_1_39' title="bbox 355 2144 2005 2185; baseline 0.001 -13"><span class='ocrx_word' id='word_1_420' title='bbox 355 2144 575 2182; x_wconf 62' lang='lat' dir='ltr'>florentorum)</span> <span class='ocrx_word' id='word_1_421' title='bbox 594 2145 660 2173; x_wconf 85' lang='lat' dir='ltr'>auri</span> <span class='ocrx_word' id='word_1_422' title='bbox 678 2155 756 2184; x_wconf 87' lang='lat' dir='ltr'>quos</span> <span class='ocrx_word' id='word_1_423' title='bbox 774 2144 833 2174; x_wconf 88' lang='lat' dir='ltr'>sibi</span> <span class='ocrx_word' id='word_1_424' title='bbox 851 2145 972 2174; x_wconf 78' lang='lat' dir='ltr'>misisse</span> <span class='ocrx_word' id='word_1_425' title='bbox 991 2145 1123 2175; x_wconf 82' lang='lat' dir='ltr'>diversis</span> <span class='ocrx_word' id='word_1_426' title='bbox 1142 2145 1288 2175; x_wconf 85' lang='lat' dir='ltr'>dicuntur</span> <span class='ocrx_word' id='word_1_427' title='bbox 1305 2145 1433 2183; x_wconf 81' lang='lat' dir='ltr'>vicibus,</span> <span class='ocrx_word' id='word_1_428' title='bbox 1458 2145 1694 2185; x_wconf 41' lang='lat' dir='ltr'>prestiterunt?</span> <span class='ocrx_word' id='word_1_429' title='bbox 1776 2144 1915 2174; x_wconf 81' lang='lat' dir='ltr'>Domum</span> <span class='ocrx_word' id='word_1_430' title='bbox 1931 2154 2005 2174; x_wconf 90' lang='lat' dir='ltr'>vero</span> 
     </span>
     <span class='ocr_line' id='line_1_40' title="bbox 358 2194 2006 2236; baseline 0.001 -13"><span class='ocrx_word' id='word_1_431' title='bbox 358 2205 417 2223; x_wconf 83' lang='lat' dir='ltr'>non</span> <span class='ocrx_word' id='word_1_432' title='bbox 443 2195 656 2233; x_wconf 77' lang='lat' dir='ltr'>attemlentes,</span> <span class='ocrx_word' id='word_1_433' title='bbox 681 2206 776 2235; x_wconf 83' lang='lat' dir='ltr'>quam</span> <span class='ocrx_word' id='word_1_434' title='bbox 802 2196 979 2235; x_wconf 83' lang='lat' dir='ltr'>periculose</span> <span class='ocrx_word' id='word_1_435' title='bbox 1004 2197 1065 2226; x_wconf 87' lang='lat' dir='ltr'>sint</span> <span class='ocrx_word' id='word_1_436' title='bbox 1089 2197 1338 2236; x_wconf 81' lang='lat' dir='ltr'>acceptationes.</span> <span class='ocrx_word' id='word_1_437' title='bbox 1367 2196 1580 2228; x_wconf 79' lang='lat' dir='ltr'>defensiones.</span> <span class='ocrx_word' id='word_1_438' title='bbox 1609 2196 1870 2236; x_wconf 84' lang='lat' dir='ltr'>participationes</span> <span class='ocrx_word' id='word_1_439' title='bbox 1895 2198 1926 2225; x_wconf 87' lang='lat' dir='ltr'>et</span> <span class='ocrx_word' id='word_1_440' title='bbox 1950 2194 2006 2224; x_wconf 88' lang='lat' dir='ltr'>ad-</span> 
     </span>
     <span class='ocr_line' id='line_1_41' title="bbox 357 2245 2006 2288; baseline 0.001 -14"><span class='ocrx_word' id='word_1_441' title='bbox 357 2246 504 2275; x_wconf 75' lang='lat' dir='ltr'>liesiones</span> <span class='ocrx_word' id='word_1_442' title='bbox 530 2246 743 2276; x_wconf 81' lang='lat' dir='ltr'>hereticorum</span> <span class='ocrx_word' id='word_1_443' title='bbox 774 2250 804 2276; x_wconf 85' lang='lat' dir='ltr'>et</span> <span class='ocrx_word' id='word_1_444' title='bbox 829 2247 1094 2278; x_wconf 74' lang='lat' dir='ltr'>scismaticorum.</span> <span class='ocrx_word' id='word_1_445' title='bbox 1131 2251 1195 2278; x_wconf 86' lang='lat' dir='ltr'>tam</span> <span class='ocrx_word' id='word_1_446' title='bbox 1224 2251 1436 2278; x_wconf 88' lang='lat' dir='ltr'>memoratum</span> <span class='ocrx_word' id='word_1_447' title='bbox 1461 2247 1659 2278; x_wconf 88' lang='lat' dir='ltr'>Ludovicum</span> <span class='ocrx_word' id='word_1_448' title='bbox 1691 2258 1785 2288; x_wconf 87' lang='lat' dir='ltr'>quam</span> <span class='ocrx_word' id='word_1_449' title='bbox 1810 2247 1941 2277; x_wconf 80' lang='lat' dir='ltr'>Petrum</span> <span class='ocrx_word' id='word_1_450' title='bbox 1967 2245 2006 2276; x_wconf 87' lang='lat' dir='ltr'>de</span> 
     </span>
     <span class='ocr_line' id='line_1_42' title="bbox 356 2297 2006 2340; baseline 0.001 -14"><span class='ocrx_word' id='word_1_451' title='bbox 356 2297 510 2326; x_wconf 60' lang='lat' dir='ltr'>(forvaria</span> <span class='ocrx_word' id='word_1_452' title='bbox 535 2297 772 2327; x_wconf 77' lang='lat' dir='ltr'>heresiarcham</span> <span class='ocrx_word' id='word_1_453' title='bbox 799 2301 831 2327; x_wconf 89' lang='lat' dir='ltr'>et</span> <span class='ocrx_word' id='word_1_454' title='bbox 855 2299 1068 2328; x_wconf 76' lang='lat' dir='ltr'>scisimzticiiin</span> <span class='ocrx_word' id='word_1_455' title='bbox 1095 2309 1269 2339; x_wconf 85' lang='lat' dir='ltr'>eorumque</span> <span class='ocrx_word' id='word_1_456' title='bbox 1295 2309 1450 2340; x_wconf 87' lang='lat' dir='ltr'>sequaces</span> <span class='ocrx_word' id='word_1_457' title='bbox 1475 2302 1506 2329; x_wconf 90' lang='lat' dir='ltr'>et</span> <span class='ocrx_word' id='word_1_458' title='bbox 1530 2298 1704 2339; x_wconf 84' lang='lat' dir='ltr'>complices</span> <span class='ocrx_word' id='word_1_459' title='bbox 1733 2299 1763 2328; x_wconf 92' lang='lat' dir='ltr'>in</span> <span class='ocrx_word' id='word_1_460' title='bbox 1792 2297 1905 2328; x_wconf 87' lang='lat' dir='ltr'>eadem</span> <span class='ocrx_word' id='word_1_461' title='bbox 1931 2297 2006 2327; x_wconf 86' lang='lat' dir='ltr'>civi-</span> 
     </span>
     <span class='ocr_line' id='line_1_43' title="bbox 358 2347 2005 2391; baseline 0.002 -15"><span class='ocrx_word' id='word_1_462' title='bbox 358 2350 422 2377; x_wconf 77' lang='lat' dir='ltr'>tatc</span> <span class='ocrx_word' id='word_1_463' title='bbox 449 2347 621 2377; x_wconf 70' lang='lat' dir='ltr'>&#39;l&#39;udcrtina</span> <span class='ocrx_word' id='word_1_464' title='bbox 649 2358 718 2378; x_wconf 85' lang='lat' dir='ltr'>cum</span> <span class='ocrx_word' id='word_1_465' title='bbox 744 2349 863 2379; x_wconf 86' lang='lat' dir='ltr'>honore</span> <span class='ocrx_word' id='word_1_466' title='bbox 890 2352 922 2379; x_wconf 91' lang='lat' dir='ltr'>et</span> <span class='ocrx_word' id='word_1_467' title='bbox 946 2351 1125 2380; x_wconf 78' lang='lat' dir='ltr'>reverentia</span> <span class='ocrx_word' id='word_1_468' title='bbox 1152 2355 1359 2391; x_wconf 83' lang='lat' dir='ltr'>receperunt,</span> <span class='ocrx_word' id='word_1_469' title='bbox 1389 2351 1472 2381; x_wconf 89' lang='lat' dir='ltr'>dicto</span> <span class='ocrx_word' id='word_1_470' title='bbox 1498 2350 1662 2380; x_wconf 83' lang='lat' dir='ltr'>Ludovico</span> <span class='ocrx_word' id='word_1_471' title='bbox 1687 2354 1837 2390; x_wconf 82' lang='lat' dir='ltr'>tanquam</span> <span class='ocrx_word' id='word_1_472' title='bbox 1868 2349 2005 2389; x_wconf 82' lang='lat' dir='ltr'>impera-</span> 
     </span>
     <span class='ocr_line' id='line_1_44' title="bbox 359 2398 2006 2441; baseline 0.001 -13"><span class='ocrx_word' id='word_1_473' title='bbox 359 2399 415 2427; x_wconf 77' lang='lat' dir='ltr'>tori</span> <span class='ocrx_word' id='word_1_474' title='bbox 443 2403 474 2428; x_wconf 88' lang='lat' dir='ltr'>et</span> <span class='ocrx_word' id='word_1_475' title='bbox 499 2398 623 2438; x_wconf 83' lang='lat' dir='ltr'>prefato</span> <span class='ocrx_word' id='word_1_476' title='bbox 649 2399 746 2429; x_wconf 82' lang='lat' dir='ltr'>Petro</span> <span class='ocrx_word' id='word_1_477' title='bbox 778 2404 928 2440; x_wconf 79' lang='lat' dir='ltr'>tanquam</span> <span class='ocrx_word' id='word_1_478' title='bbox 955 2412 1037 2440; x_wconf 78' lang='lat' dir='ltr'>pape</span> <span class='ocrx_word' id='word_1_479' title='bbox 1063 2403 1274 2432; x_wconf 82' lang='lat' dir='ltr'>reverentiam</span> <span class='ocrx_word' id='word_1_480' title='bbox 1305 2401 1487 2432; x_wconf 83' lang='lat' dir='ltr'>exhibendo</span> <span class='ocrx_word' id='word_1_481' title='bbox 1517 2412 1553 2431; x_wconf 92' lang='lat' dir='ltr'>ac</span> <span class='ocrx_word' id='word_1_482' title='bbox 1585 2402 1671 2441; x_wconf 85' lang='lat' dir='ltr'>ipsos</span> <span class='ocrx_word' id='word_1_483' title='bbox 1699 2411 1760 2430; x_wconf 92' lang='lat' dir='ltr'>non</span> <span class='ocrx_word' id='word_1_484' title='bbox 1791 2400 1911 2440; x_wconf 86' lang='lat' dir='ltr'>absque</span> <span class='ocrx_word' id='word_1_485' title='bbox 1935 2410 2006 2440; x_wconf 86' lang='lat' dir='ltr'>pre-</span> 
     </span>
     <span class='ocr_line' id='line_1_45' title="bbox 357 2450 2007 2492; baseline 0.001 -14"><span class='ocrx_word' id='word_1_486' title='bbox 357 2450 537 2488; x_wconf 78' lang='lat' dir='ltr'>sumptione</span> <span class='ocrx_word' id='word_1_487' title='bbox 565 2450 719 2489; x_wconf 79' lang='lat' dir='ltr'>plectibili</span> <span class='ocrx_word' id='word_1_488' title='bbox 744 2454 777 2480; x_wconf 84' lang='lat' dir='ltr'>ut</span> <span class='ocrx_word' id='word_1_489' title='bbox 802 2451 882 2480; x_wconf 87' lang='lat' dir='ltr'>tales</span> <span class='ocrx_word' id='word_1_490' title='bbox 907 2451 1032 2491; x_wconf 85' lang='lat' dir='ltr'>publice</span> <span class='ocrx_word' id='word_1_491' title='bbox 1058 2452 1261 2486; x_wconf 72' lang='lat' dir='ltr'>nominando,</span> <span class='ocrx_word' id='word_1_492' title='bbox 1286 2453 1429 2483; x_wconf 86' lang='lat' dir='ltr'>vocando</span> <span class='ocrx_word' id='word_1_493' title='bbox 1455 2456 1487 2482; x_wconf 86' lang='lat' dir='ltr'>et</span> <span class='ocrx_word' id='word_1_494' title='bbox 1510 2452 1550 2483; x_wconf 87' lang='lat' dir='ltr'>ab</span> <span class='ocrx_word' id='word_1_495' title='bbox 1574 2453 1649 2492; x_wconf 86' lang='lat' dir='ltr'>ipsis</span> <span class='ocrx_word' id='word_1_496' title='bbox 1674 2455 1705 2482; x_wconf 87' lang='lat' dir='ltr'>et</span> <span class='ocrx_word' id='word_1_497' title='bbox 1729 2462 1839 2482; x_wconf 90' lang='lat' dir='ltr'>eorum</span> <span class='ocrx_word' id='word_1_498' title='bbox 1864 2451 2007 2491; x_wconf 88' lang='lat' dir='ltr'>quolibet</span> 
     </span>
    </p>
   </div>
   <div class='ocr_carea' id='block_1_5' title="bbox 359 2500 2047 2544">
    <p class='ocr_par' dir='ltr' id='par_1_5' title="bbox 359 2500 2047 2544">
     <span class='ocr_line' id='line_1_46' title="bbox 359 2500 2047 2544; baseline 0.002 -16"><span class='ocrx_word' id='word_1_499' title='bbox 359 2500 512 2530; x_wconf 82' lang='lat' dir='ltr'>beneficia</span> <span class='ocrx_word' id='word_1_500' title='bbox 547 2504 578 2529; x_wconf 87' lang='lat' dir='ltr'>et</span> <span class='ocrx_word' id='word_1_501' title='bbox 615 2500 717 2530; x_wconf 73' lang='lat' dir='ltr'>officia</span> <span class='ocrx_word' id='word_1_502' title='bbox 756 2501 969 2531; x_wconf 82' lang='lat' dir='ltr'>ecclesiastica</span> <span class='ocrx_word' id='word_1_503' title='bbox 1008 2506 1039 2532; x_wconf 86' lang='lat' dir='ltr'>et</span> <span class='ocrx_word' id='word_1_504' title='bbox 1075 2503 1234 2533; x_wconf 81' lang='lat' dir='ltr'>mundana</span> <span class='ocrx_word' id='word_1_505' title='bbox 1265 2514 1374 2534; x_wconf 87' lang='lat' dir='ltr'>corum</span> <span class='ocrx_word' id='word_1_506' title='bbox 1403 2504 1500 2544; x_wconf 85' lang='lat' dir='ltr'>aliqui</span> <span class='ocrx_word' id='word_1_507' title='bbox 1530 2503 1714 2543; x_wconf 87' lang='lat' dir='ltr'>recipiendo</span> <span class='ocrx_word' id='word_1_508' title='bbox 1744 2503 1895 2542; x_wconf 83' lang='lat' dir='ltr'>illosque,</span> <span class='ocrx_word' id='word_1_509' title='bbox 1927 2512 2005 2542; x_wconf 83' lang='lat' dir='ltr'>quos</span> <span class='ocrx_word' id='word_1_510' title='bbox 2040 2518 2047 2528; x_wconf 45' lang='grc' dir='ltr'><strong><em>η</em></strong></span> 
     </span>
    </p>
   </div>
   <div class='ocr_carea' id='block_1_6' title="bbox 358 2551 2005 2711">
    <p class='ocr_par' dir='ltr' id='par_1_6' title="bbox 358 2551 2005 2711">
     <span class='ocr_line' id='line_1_47' title="bbox 358 2551 2004 2594; baseline 0.002 -15"><span class='ocrx_word' id='word_1_511' title='bbox 358 2551 458 2581; x_wconf 79' lang='lat' dir='ltr'>dictus</span> <span class='ocrx_word' id='word_1_512' title='bbox 484 2551 598 2581; x_wconf 80' lang='lat' dir='ltr'>Petrus</span> <span class='ocrx_word' id='word_1_513' title='bbox 624 2552 652 2581; x_wconf 87' lang='lat' dir='ltr'>in</span> <span class='ocrx_word' id='word_1_514' title='bbox 678 2552 866 2583; x_wconf 80' lang='lat' dir='ltr'>cardinales.</span> <span class='ocrx_word' id='word_1_515' title='bbox 892 2554 1045 2593; x_wconf 68' lang='lat' dir='ltr'>prelatos,</span> <span class='ocrx_word' id='word_1_516' title='bbox 1072 2555 1210 2583; x_wconf 52' lang='lat' dir='ltr'>mutarios</span> <span class='ocrx_word' id='word_1_517' title='bbox 1235 2558 1266 2584; x_wconf 89' lang='lat' dir='ltr'>et</span> <span class='ocrx_word' id='word_1_518' title='bbox 1290 2555 1445 2584; x_wconf 80' lang='lat' dir='ltr'>officiales</span> <span class='ocrx_word' id='word_1_519' title='bbox 1470 2554 1510 2584; x_wconf 90' lang='lat' dir='ltr'>de</span> <span class='ocrx_word' id='word_1_520' title='bbox 1535 2555 1619 2585; x_wconf 80' lang='lat' dir='ltr'>facto</span> <span class='ocrx_word' id='word_1_521' title='bbox 1651 2557 1868 2594; x_wconf 76' lang='lat' dir='ltr'>promoverat,</span> <span class='ocrx_word' id='word_1_522' title='bbox 1893 2563 2004 2593; x_wconf 85' lang='lat' dir='ltr'>recep-</span> 
     </span>
     <span class='ocr_line' id='line_1_48' title="bbox 359 2602 2005 2645; baseline 0.002 -14"><span class='ocrx_word' id='word_1_523' title='bbox 359 2602 464 2639; x_wconf 67' lang='lat' dir='ltr'>tando,</span> <span class='ocrx_word' id='word_1_524' title='bbox 490 2602 635 2632; x_wconf 76' lang='lat' dir='ltr'>similiter</span> <span class='ocrx_word' id='word_1_525' title='bbox 660 2603 854 2634; x_wconf 82' lang='lat' dir='ltr'>honorando.</span> <span class='ocrx_word' id='word_1_526' title='bbox 881 2604 1022 2633; x_wconf 74' lang='lat' dir='ltr'>vocando</span> <span class='ocrx_word' id='word_1_527' title='bbox 1041 2604 1095 2645; x_wconf 70' lang='lat' dir='ltr'>[et]</span> <span class='ocrx_word' id='word_1_528' title='bbox 1115 2606 1292 2645; x_wconf 81' lang='lat' dir='ltr'>reputando</span> <span class='ocrx_word' id='word_1_529' title='bbox 1319 2607 1404 2636; x_wconf 82' lang='lat' dir='ltr'>velut</span> <span class='ocrx_word' id='word_1_530' title='bbox 1428 2607 1458 2635; x_wconf 92' lang='lat' dir='ltr'>in</span> <span class='ocrx_word' id='word_1_531' title='bbox 1475 2616 1601 2636; x_wconf 81' lang='lat' dir='ltr'>sensum</span> <span class='ocrx_word' id='word_1_532' title='bbox 1627 2605 1691 2635; x_wconf 76' lang='lat' dir='ltr'>dati</span> <span class='ocrx_word' id='word_1_533' title='bbox 1711 2604 1901 2645; x_wconf 84' lang='lat' dir='ltr'>reprobum³</span> <span class='ocrx_word' id='word_1_534' title='bbox 1925 2604 2005 2635; x_wconf 80' lang='lat' dir='ltr'>sicut</span> 
     </span>
     <span class='ocr_line' id='line_1_49' title="bbox 462 2679 1046 2711; baseline 0.007 -10"><span class='ocrx_word' id='word_1_535' title='bbox 462 2679 524 2704; x_wconf 65' lang='lat' dir='ltr'>Tus.</span> <span class='ocrx_word' id='word_1_536' title='bbox 553 2684 583 2703; x_wconf 58' lang='grc' dir='ltr'>Ἠν</span> <span class='ocrx_word' id='word_1_537' title='bbox 603 2681 694 2704; x_wconf 48' lang='lat' dir='ltr'>welde</span> <span class='ocrx_word' id='word_1_538' title='bbox 716 2680 734 2703; x_wconf 68' lang='lat' dir='ltr'>l⁴</span> <span class='ocrx_word' id='word_1_539' title='bbox 817 2685 839 2708; x_wconf 72' lang='grc' dir='ltr'>Π)</span> <span class='ocrx_word' id='word_1_540' title='bbox 861 2682 927 2711; x_wconf 78' lang='lat' dir='ltr'>pred.</span> <span class='ocrx_word' id='word_1_541' title='bbox 945 2682 1008 2705; x_wconf 64' lang='lat' dir='ltr'>nin-b.</span> <span class='ocrx_word' id='word_1_542' title='bbox 1025 2684 1046 2706; x_wconf 78' lang='lat'><em>·.’.</em></span> 
     </span>
    </p>
   </div>
   <div class='ocr_carea' id='block_1_7' title="bbox 357 2729 2003 2802">
    <p class='ocr_par' dir='ltr' id='par_1_7' title="bbox 357 2729 2003 2802">
     <span class='ocr_line' id='line_1_50' title="bbox 465 2729 2003 2767; baseline 0.003 -13"><span class='ocrx_word' id='word_1_543' title='bbox 465 2731 486 2754; x_wconf 50' lang='lat' dir='ltr'>li</span> <span class='ocrx_word' id='word_1_544' title='bbox 512 2729 599 2761; x_wconf 65' lang='lat' dir='ltr'>Supra</span> <span class='ocrx_word' id='word_1_545' title='bbox 630 2739 669 2755; x_wconf 65' lang='lat' dir='ltr'>nr,</span> <span class='ocrx_word' id='word_1_546' title='bbox 691 2735 746 2756; x_wconf 52' lang='grc' dir='ltr'>(ι’-δῖ».</span> <span class='ocrx_word' id='word_1_547' title='bbox 853 2731 879 2755; x_wconf 58' lang='grc' dir='ltr'>*ἓν</span> <span class='ocrx_word' id='word_1_548' title='bbox 907 2732 947 2761; x_wconf 43' lang='lat' dir='ltr'>(V-</span> <span class='ocrx_word' id='word_1_549' title='bbox 969 2740 1049 2763; x_wconf 51' lang='lat' dir='ltr'>&lt;ultre</span> <span class='ocrx_word' id='word_1_550' title='bbox 1074 2741 1113 2758; x_wconf 67' lang='lat' dir='ltr'>ur.</span> <span class='ocrx_word' id='word_1_551' title='bbox 1127 2737 1174 2758; x_wconf 60' lang='lat'>[172</span> <span class='ocrx_word' id='word_1_552' title='bbox 1196 2737 1217 2758; x_wconf 65' lang='lat' dir='ltr'>rt</span> <span class='ocrx_word' id='word_1_553' title='bbox 1241 2738 1361 2767; x_wconf 52' lang='lat' dir='ltr'>croi-pta</span> <span class='ocrx_word' id='word_1_554' title='bbox 1394 2735 1467 2759; x_wconf 67' lang='lat' dir='ltr'>rai-in</span> <span class='ocrx_word' id='word_1_555' title='bbox 1497 2735 1544 2763; x_wconf 73' lang='grc' dir='ltr'><em>ίΙιί,</em></span> <span class='ocrx_word' id='word_1_556' title='bbox 1573 2735 1681 2766; x_wconf 59' lang='lat' dir='ltr'>ritemque</span> <span class='ocrx_word' id='word_1_557' title='bbox 1710 2733 1744 2759; x_wconf 71' lang='lat' dir='ltr'>(ul</span> <span class='ocrx_word' id='word_1_558' title='bbox 1772 2741 1813 2759; x_wconf 73' lang='lat' dir='ltr'>nr.</span> <span class='ocrx_word' id='word_1_559' title='bbox 1832 2736 1884 2759; x_wconf 54' lang='lat'>483*</span> <span class='ocrx_word' id='word_1_560' title='bbox 1912 2734 2003 2760; x_wconf 70' lang='lat' dir='ltr'>citata.</span> 
     </span>
     <span class='ocr_line' id='line_1_51' title="bbox 357 2772 630 2802; baseline 0.004 -5"><span class='ocrx_word' id='word_1_561' title='bbox 357 2774 383 2792; x_wconf 65' lang='lat'>2*.=</span> <span class='ocrx_word' id='word_1_562' title='bbox 405 2772 445 2802; x_wconf 46' lang='lat' dir='ltr'>(ys.</span> <span class='ocrx_word' id='word_1_563' title='bbox 462 2772 535 2797; x_wconf 56' lang='lat' dir='ltr'>Ju&#39;otm</span> <span class='ocrx_word' id='word_1_564' title='bbox 553 2778 571 2799; x_wconf 84' lang='grc' dir='ltr'>Ῐ.</span> <span class='ocrx_word' id='word_1_565' title='bbox 592 2778 630 2798; x_wconf 48' lang='grc' dir='ltr'>ΔΝ.</span> 
     </span>
    </p>
   </div>
   <div class='ocr_carea' id='block_1_8' title="bbox 2027 720 2052 738">
    <p class='ocr_par' dir='ltr' id='par_1_8' title="bbox 2027 720 2052 738">
     <span class='ocr_line' id='line_1_52' title="bbox 2027 720 2052 738; baseline -0.08 0"><span class='ocrx_word' id='word_1_566' title='bbox 2027 720 2052 738; x_wconf 80' lang='lat'>10</span> 
     </span>
    </p>
   </div>
   <div class='ocr_carea' id='block_1_9' title="bbox 2028 976 2050 994">
    <p class='ocr_par' dir='ltr' id='par_1_9' title="bbox 2028 976 2050 994">
     <span class='ocr_line' id='line_1_53' title="bbox 2028 976 2050 994; baseline 0.045 -1"><span class='ocrx_word' id='word_1_567' title='bbox 2028 976 2050 994; x_wconf 88' lang='lat'>15</span> 
     </span>
    </p>
   </div>
   <div class='ocr_carea' id='block_1_10' title="bbox 2029 1233 2054 1251">
    <p class='ocr_par' dir='ltr' id='par_1_10' title="bbox 2029 1233 2054 1251">
     <span class='ocr_line' id='line_1_54' title="bbox 2029 1233 2054 1251; baseline -0.04 0"><span class='ocrx_word' id='word_1_568' title='bbox 2029 1233 2054 1251; x_wconf 80' lang='lat'>20</span> 
     </span>
    </p>
   </div>
   <div class='ocr_carea' id='block_1_11' title="bbox 2028 1488 2053 1506">
    <p class='ocr_par' dir='ltr' id='par_1_11' title="bbox 2028 1488 2053 1506">
     <span class='ocr_line' id='line_1_55' title="bbox 2028 1488 2053 1506; baseline 0 0"><span class='ocrx_word' id='word_1_569' title='bbox 2028 1488 2053 1506; x_wconf 69' lang='lat'>25</span> 
     </span>
    </p>
   </div>
   <div class='ocr_carea' id='block_1_12' title="bbox 2029 1744 2054 1762">
    <p class='ocr_par' dir='ltr' id='par_1_12' title="bbox 2029 1744 2054 1762">
     <span class='ocr_line' id='line_1_56' title="bbox 2029 1744 2054 1762; baseline -0.04 0"><span class='ocrx_word' id='word_1_570' title='bbox 2029 1744 2054 1762; x_wconf 84' lang='lat'>30</span> 
     </span>
    </p>
   </div>
   <div class='ocr_carea' id='block_1_13' title="bbox 2024 2000 2048 2018">
    <p class='ocr_par' dir='ltr' id='par_1_13' title="bbox 2024 2000 2048 2018">
     <span class='ocr_line' id='line_1_57' title="bbox 2024 2000 2048 2018; baseline 0.042 -1"><span class='ocrx_word' id='word_1_571' title='bbox 2024 2000 2048 2018; x_wconf 76' lang='lat'>35</span> 
     </span>
    </p>
   </div>
   <div class='ocr_carea' id='block_1_14' title="bbox 2026 2257 2050 2274">
    <p class='ocr_par' dir='ltr' id='par_1_14' title="bbox 2026 2257 2050 2274">
     <span class='ocr_line' id='line_1_58' title="bbox 2026 2257 2050 2274; baseline 0.083 -3"><span class='ocrx_word' id='word_1_572' title='bbox 2026 2257 2037 2274; x_wconf 67' lang='lat'><strong>4</strong></span> <span class='ocrx_word' id='word_1_573' title='bbox 2040 2258 2050 2273; x_wconf 76' lang='grc' dir='ltr'>Ι)</span> 
     </span>
    </p>
   </div>
   <div class='ocr_carea' id='block_1_15' title="bbox 2022 2783 2046 2800">
    <p class='ocr_par' dir='ltr' id='par_1_15' title="bbox 2022 2783 2046 2800">
     <span class='ocr_line' id='line_1_59' title="bbox 2022 2783 2046 2800; baseline 0 0"><span class='ocrx_word' id='word_1_574' title='bbox 2022 2783 2046 2800; x_wconf 79' lang='lat'>50</span> 
     </span>
    </p>
   </div>
  </div>
 </body>
</html>
