2205 3025
156 822 181 840 10

157 1122 179 1140 15

157 1377 181 1396 20

154 1891 178 1909 30

156 2148 180 2167 ³5

155 2408 180 2426 40

157 2700 181 2717 45

601 161 696 188 ACTA
717 161 829 188 REGNI
847 160 1031 187 LUDEWICI
1051 161 1098 188 IV.
1135 161 1209 189 1330.
1246 161 1294 187 Nr.
1308 161 1367 188 679.
1386 161 1444 188 680.
1786 164 1847 193 577

200 245 448 288 dampnabiliter
474 246 687 280 involverent.
722 249 883 289 explicare
912 258 1085 289 procurans
1109 258 1164 278 eos
1188 247 1228 278 ad
1253 247 1368 278 eadem
1392 247 1563 278 devitanda
1591 247 1732 288 pericula
1756 247 1850 278 indu-

200 307 272 329 cere
299 308 362 329 non
390 299 524 329 omittat.
571 298 729 334 Quocirca
758 300 982 331 discretionem
1011 304 1114 338 tuam,
1146 298 1185 329 de
1215 309 1278 340 qua
1305 299 1454 330 fiduciam
1484 300 1515 329 in
1538 299 1676 330 Domino
1709 300 1850 340 gerimus

200 349 384 389 specialem7
408 359 559 391 rogamus
583 353 616 380 et
638 350 803 381 hortamur
822 354 955 391 attente,
980 351 1127 392 quatinus
1152 360 1230 391 erga
1253 351 1390 381 eundem
1407 350 1693 391 archiepiscopum,
1717 354 1751 381 ut
1775 362 1848 391 pre-

199 401 303 431 missis
326 400 470 432 intendat
493 401 615 441 sedule,
638 402 784 432 insistere
803 402 967 443 dictosque
985 403 1071 433 cives
1095 404 1127 432 et
1150 401 1261 432 fideles
1285 401 1325 432 ad
1343 403 1498 442 premissa
1514 402 1736 433 nichilominus
1760 403 1851 432 iuxta

201 451 308 483 datam
333 462 352 482 a
375 451 446 483 Deo
470 452 527 483 tibi
551 452 759 493 prudenciam
784 454 958 485 efficaciter
981 453 1132 484 inducere
1156 464 1218 483 non
1242 457 1430 494 postponas7
1460 456 1494 484 ut
1523 458 1654 495 propter
1685 454 1744 484 hoc
1769 453 1849 484 divi—

200 513 273 534 nam
298 507 329 534 et
352 504 528 544 apostolice
553 503 638 534 sedis
662 505 798 545 gratiam
823 505 950 535 uberius
973 505 1136 535 merearis.

307 554 427 585 Datum
451 558 486 585 ut
510 557 637 595 supra‘.

292 685 378 720 680.
420 686 576 721 Litterae
604 687 651 720 ml
678 686 826 721 &vitatos
854 690 883 722 et
910 686 1035 721 nobiles
1068 686 1274 721 Germaniae
1300 687 1495 731 superioris.
1609 687 1685 721 Ian.
1701 687 1758 721 17.

309 759 407 798 Copia
425 761 477 799 (c.)
495 760 605 791 <ibidem
630 763 700 790 tom.
719 760 812 790 11511
833 760 890 800 fol.
910 760 972 790 150
988 771 1036 793 ην,
1055 761 1148 792 1868.
1198 760 1396 791 θοηΐηίίηιῑιε
1411 771 1476 791 rnos.
1503 779 1540 782 —
1565 760 1627 791 Ed.
1646 759 1850 792 ‘'Urlmnden-

202 810 279 841 buch
302 810 357 841 der
380 811 474 842 Stadt
497 811 609 842 Basel'
632 811 655 842 Ι
662 811 694 849 V,
718 812 758 841 81
783 821 831 842 ην.
850 812 889 842 79
913 822 950 842 eas
973 822 1016 849 c.,·
1039 811 1156 842 Rieder
1179 811 1197 844 Z.
1212 822 1236 842 c.
1255 822 1290 852 p.
1306 812 1370 842 237
1392 822 1440 842 m:
1458 813 1521 842 838
1544 823 1581 842 esc
1605 822 1630 842 c.

307 871 380 910 Rcy.
403 871 505 902 Lo'lzer
537 871 598 902 Ioco
628 882 728 910 supra
755 871 798 902 ad
826 872 953 902 ην.243
982 872 1077 903 citato
1102 882 1136 910 p.
1154 873 1217 902 234
1244 882 1292 902 nr.
1312 873 1392 908 686¹,-
1422 871 1713 911 Prcyer-Reinlcens
1737 882 1770 910 2).
1787 871 1851 901 290

199 932 247 953 nr.
267 922 345 960 517;
368 922 492 954 Riesler
514 922 532 953 l.
551 935 575 954 e.
594 934 628 962 p.
645 925 707 953 437
731 934 778 954 nr.
796 923 880 953 1249
903 926 964 954 not.
982 926 1011 954 3.

306 1007 369 1039 Dil.
393 1008 435 1039 fil.
461 1009 619 1039 communi
645 1013 677 1040 et
700 1010 899 1039 universitati
923 1009 1060 1039 civitatis
1084 1009 1279 1039 Basiliensis.

308 1062 334 1090 1.
359 1059 500 1090 Paterna
523 1071 580 1090 nos
603 1064 713 1090 movet
729 1060 856 1091 affectio
881 1061 1031 1101 zelusque
1052 1064 1154 1091 vestre
1178 1061 1288 1090 salutis
1312 1060 1440 1097 inducit5
1465 1064 1499 1090 ut
1523 1061 1575 1101 qui
1592 1060 1682 1091 vobis
1699 1065 1851 1101 parantur

200 1109 321 1152 laquei,
350 1115 457 1141 nostre
482 1112 597 1142 mentis
622 1115 820 1152 exponentes
850 1112 1027 1149 obtutibus,
1058 1123 1096 1142 nc
1125 1113 1156 1142 in
1184 1112 1245 1142 illis
1269 1122 1324 1142 vos
1348 1112 1512 1152 contingat
1539 1112 1692 1150 incidere,
1722 1112 1778 1142 sed
1809 1112 1849 1142 ab

200 1163 261 1193 illis
277 1163 391 1193 vestris
411 1173 539 1203 prorsus
557 1163 714 1204 elongatis
731 1154 892 1203 gressibus
910 1162 968 1204 [nt]
988 1163 1130 1203 pericula
1147 1164 1243 1199 varim
1269 1163 1309 1194 ad
1334 1174 1395 1204 que
1421 1163 1550 1193 trahunt
1574 1163 1707 1203 predicti
1732 1163 1850 1204 laquei,

199 1214 322 1245 cautius
345 1215 481 1253 evitetis,
505 1225 561 1245 vos
586 1215 727 1245 excitare
752 1225 908 1245 curemus.
965 1214 1047 1245 Sane
1077 1214 1117 1245 ad
1142 1218 1279 1245 vestram
1305 1225 1367 1245 non
1391 1214 1583 1255 ambigimus
1608 1215 1751 1245 notitiam
1777 1225 1850 1255 per-

198 1266 332 1302 venisse,
357 1265 494 1307 qualiter
517 1265 635 1296 dudum
661 1269 792 1307 propter
815 1276 965 1297 excessus
989 1276 1136 1297 enormes
1161 1269 1193 1296 et
1217 1266 1357 1296 facinora
1382 1265 1572 1296 detestanda
1596 1266 1751 1296 Ludovici
1776 1266 1850 1296 olim

199 1317 287 1348 ducis
304 1317 440 1348 Bavarie
466 1320 498 1347 et
515 1317 704 1348 discorditer
728 1318 756 1347 in
775 1328 884 1359 regem
902 1317 1148 1357 Romanum-uno
1173 1318 1266 1349 electi
1291 1317 1444 1347 adversus
1469 1328 1541 1347 euin
1564 1318 1714 1358 exigente
1732 1318 1852 1348 iustitia

201 1369 240 1400 de
264 1369 396 1399 fratrum
420 1373 599 1400 nostrorum
625 1369 755 1400 consilio
773 1369 984 1410 procedentes
1001 1371 1103 1410 primo
1128 1370 1290 1410 premissis
1316 1380 1393 1409 erga
1417 1369 1519 1409 ipsum
1545 1369 1780 1407 monitionibus,
1804 1370 1850 1398 in-

201 1420 401 1451 ductionibus
436 1424 469 1450 et
501 1420 778 1451 exhortationibus
808 1421 924 1451 nostris
955 1420 1134 1451 salubribus
1169 1421 1279 1461 eisque
1311 1430 1369 1461 per
1402 1430 1475 1450 eum
1504 1420 1790 1460 contemptibiliter
1820 1424 1852 1450 ct

197 1471 446 1512 dampnabiliter
463 1471 632 1505 obauditis.
657 1473 760 1513 ipsum
778 1472 1116 1503 excommunicationis
1134 1472 1258 1502 vinculo
1276 1472 1423 1502 duximus
1440 1471 1657 1501 innodandum
1682 1482 1718 1502 ae
1736 1471 1851 1502 deinde

198 1524 261 1554 suis
285 1522 434 1563 gravibus
459 1522 656 1559 excessibus,
682 1523 795 1565 culpis.
821 1524 1029 1554 contnmaciis
1058 1526 1089 1554 et
1117 1523 1341 1553 inobedientiis
1366 1524 1557 1553 continuatis
1586 1526 1618 1553 et
1641 1524 1742 1553 auctis
1767 1524 1851 1554 omni

198 1575 276 1607 iure,
301 1575 326 1604 si
352 1574 437 1615 quod
461 1584 502 1604 ex
526 1573 684 1605 electione
709 1574 853 1614 predicta
877 1575 937 1605 sibi
962 1575 1002 1605 ad
1027 1585 1160 1616 regnum
1184 1574 1366 1605 Romanum
1391 1575 1441 1604 vel
1466 1575 1634 1615 imperium
1661 1574 1764 1605 fuerat
1787 1575 1850 1606 for-

155 1635 166 1652 2*
199 1626 279 1656 sitan
305 1626 504 1666 acquisitum,
530 1630 561 1656 et
585 1627 763 1657 successive
787 1627 856 1667 ipso
881 1637 1031 1657 excessus
1056 1626 1241 1657 excessibus
1265 1626 1446 1657 cumulante
1471 1625 1556 1656 dicto
1582 1626 1699 1656 ducatu
1715 1626 1851 1656 Bavarie

200 1677 409 1717 omnibusque
433 1676 608 1717 privilegiis
639 1680 703 1707 tam
729 1677 912 1718 apostolicis
937 1688 1031 1719 quam
1057 1677 1276 1718 imperialibus
1301 1682 1333 1707 et
1357 1677 1474 1711 feudis,
1501 1688 1562 1717 que
1587 1688 1606 1707 a
1630 1677 1777 1707 Romana
1801 1677 1851 1707 vel

198 1727 360 1769 quibusvis
384 1728 453 1758 aliis
478 1728 620 1759 ecclesiis
648 1739 704 1759 seu
732 1730 866 1769 imperio
897 1729 1139 1770 quomodolibet
1163 1729 1341 1762 obtinebat*
1373 1729 1412 1759 de
1437 1728 1592 1759 dictorum
1618 1728 1749 1759 fratrum
1776 1739 1849 1759 con-

201 1780 269 1810 silio
295 1779 487 1820 privavimus
511 1784 543 1810 ct
567 1780 695 1810 demum
721 1781 795 1821 quia
819 1780 906 1810 velut
929 1781 958 1810 in
984 1780 1177 1820 profundum
1202 1780 1356 1810 malorum
1383 1779 1568 1810 demersus2
1593 1784 1625 1810 et
1642 1780 1849 1817 venundatus„

199 1836 232 1861 ut
255 1831 373 1861 malum
399 1830 550 1868 faceret&
576 1831 725 1861 hereticis
750 1835 782 1862 et
806 1831 1031 1862 hcrcticalibus
1054 1831 1222 1862 intendens
1247 1831 1449 1871 dogmatibus
1473 1841 1509 1861 ac
1531 1831 1660 1861 hereses
1678 1836 1709 1861 et
1727 1841 1851 1861 errores

199 1881 386 1912 deffendens
410 1881 536 1923 publice
562 1893 660 1922 seque
684 1882 725 1912 ad
749 1882 975 1913 offendendum
1001 1882 1168 1913 ecclesiam
1194 1886 1335 1913 sanctam
1360 1882 1420 1913 Dei
1446 1883 1577 1923 eiusque
1602 1882 1713 1913 fideles
1738 1886 1770 1912 ct
1794 1882 1849 1913 (le-

198 1938 289 1964 votos
312 1933 407 1963 fidem
434 1933 623 1973 disponens4
648 1933 832 1964 subvertere
857 1933 1046 1964 catholicam
1071 1938 1237 1974 totumque
1262 1938 1367 1964 cetum
1393 1933 1520 1964 turbare
1542 1933 1683 1964 fidelium
1702 1935 1785 1964 nisus
1803 1937 1852 1964 est

198 1988 230 2015 et
260 1987 412 2025 quantum
444 1984 472 2014 in
505 1995 542 2014 eo
575 1985 679 2014 extitit
710 1984 921 2025 perturbavit,
957 1985 1147 2016 assumendo
1176 1986 1334 2023 Hetrum)
1361 1985 1400 2015 de
1426 1984 1578 2015 Cervaria
1606 1985 1637 2015 in
1665 1986 1849 2026 antipapam

199 2040 232 2067 et
255 2036 466 2076 apostaticum
491 2046 528 2066 ac
552 2035 762 2076 procurando,
788 2036 871 2076 quod
896 2036 981 2067 idem
998 2036 1150 2074 Pletrus),
1175 2037 1360 2077 priusquam
1385 2047 1442 2077 per
1466 2036 1603 2067 eundem
1620 2036 1848 2075 L(udovicum)

200 2092 232 2117 et
262 2086 417 2127 quosdam
453 2097 526 2117 suos
556 2087 587 2116 in
618 2087 796 2117 huiusmodi
828 2088 966 2119 factione
996 2088 1200 2129 dampnanda
1230 2098 1384 2129 sequaces
1417 2092 1449 2118 et
1477 2087 1650 2128 complices
1681 2089 1711 2118 in
1743 2087 1849 2119 divine

200 2138 388 2179 magestatis
412 2138 565 2168 offensam
591 2142 840 2179 cunctorumque
871 2139 1012 2170 fidelium
1041 2139 1247 2180 opprobrium
1278 2144 1310 2170 et
1340 2140 1493 2170 iacturam
1523 2143 1704 2180 assumptus
1734 2140 1848 2179 extitit,

200 2189 518 2230 pseudocardinalcs,
544 2190 685 2220 notarios
709 2189 851 2230 aliosque
877 2191 1030 2221 officiales
1054 2192 1143 2222 iuxta
1166 2202 1302 2227 morem,
1337 2201 1430 2232 quem
1460 2194 1566 2221 servat
1589 2190 1736 2221 Romana
1764 2192 1850 2221 curia

201 2240 240 2271 de
264 2240 347 2271 facto
372 2241 580 2271 constitueret
604 2245 635 2271 et
659 2245 782 2272 crearet
807 2245 839 2272 et
862 2242 924 2272 alia
947 2242 1099 2273 nonnulla
1122 2246 1322 2283 presumeret
1346 2242 1546 2281 detestanda,
1571 2252 1629 2283 per
1653 2253 1714 2282 que
1733 2242 1848 2272 Christi

198 2293 337 2322 tunicam
361 2293 584 2323 inconsutilem
609 2293 693 2322 nisus
717 2297 764 2324 est
788 2293 943 2331 scindere,
969 2294 1054 2335 quod
1078 2297 1185 2324 tamen
1202 2294 1406 2325 crucifixores
1430 2293 1573 2324 eiusdem
1590 2294 1720 2324 minime
1745 2298 1847 2334 temp·
1883 2310 1887 2314 ,

200 2347 361 2378 taverunt,
390 2344 487 2373 immo
519 2344 619 2384 ipsam
644 2344 811 2375 indivisam
836 2348 868 2375 et
892 2345 1048 2386 integram
1077 2349 1318 2378 conservarunt*
1348 2348 1479 2385 propter
1507 2355 1568 2386 que
1598 2349 1629 2375 et
1658 2345 1758 2375 multa.
1786 2346 1848 2376 alia

200 2395 343 2435 prefatus
367 2395 574 2434 Uudovicus)
606 2396 711 2426 extitit
741 2396 779 2426 de
808 2396 912 2426 heresi
946 2399 979 2426 et
1007 2397 1154 2427 scismate
1185 2398 1266 2427 iusto
1299 2397 1434 2427 ecclesie
1464 2396 1582 2427 iudicio
1616 2397 1849 2426 sententialiter

198 2446 325 2487 publice
343 2445 595 2486 condempnatus
605 2448 625 2477 ³.
672 2446 741 2477 Nec
764 2457 820 2477 vos
844 2447 944 2477 latere
968 2447 1138 2486 credimus,
1163 2448 1299 2488 qualiter
1322 2447 1407 2478 idem
1425 2448 1631 2486 Ligudovicus)
1658 2447 1848 2488 inpartibus

199 2497 307 2531 Italie,
344 2498 374 2527 in
408 2498 522 2538 quibus
557 2497 674 2528 diutius
702 2509 758 2528 sua
791 2499 911 2529 insania
941 2498 1137 2539 dampnabili
1171 2503 1281 2530 contra
1309 2499 1529 2530 inhibitionem
1560 2498 1644 2529 sedis
1673 2499 1847 2538 apostolice

200 2559 322 2579 moram
347 2549 458 2587 traxit,
483 2549 628 2579 civitates
653 2553 684 2579 et
708 2550 791 2585 loca,
817 2560 878 2590 que
903 2550 1006 2590 ipsum
1030 2554 1222 2590 receperunt
1251 2554 1282 2581 et
1306 2554 1480 2592 paruerunt
1508 2550 1627 2583 eidem,
1659 2550 1845 2583 devastavit,

201 2600 358 2631 destruxit
382 2604 414 2630 et
437 2600 477 2630 ad
502 2604 623 2630 tantum
647 2602 844 2642 paupertatis
872 2604 904 2632 et
927 2602 1034 2642 inopie
1058 2603 1284 2633 necessitatem
1313 2606 1345 2632 et
1375 2605 1554 2642 egestatem
1584 2601 1731 2631 deduxit.
1761 2600 1845 2640 quod

305 2686 329 2716 l)
350 2685 412 2710 Scit
432 2693 473 2710 nr.
487 2688 542 2710 67⁸.
571 2684 690 2711 Litterae
709 2686 767 2710 item
787 2685 934 2711 destinatae
952 2689 1016 2711 sunt
1035 2686 1246 2713 Godeschalcho
1266 2687 1299 2713 de
1314 2686 1453 2713 Bai-berch
1474 2686 1621 2711 scolastico
1641 2684 1755 2711 ecclesie
1776 2683 1845 2708 Eun-

200 2729 299 2755 nensis.
388 2729 414 2761 2)
437 2729 535 2754 Mattlz.
549 2732 586 2760 18,
598 2732 618 2754 6.
712 2729 738 2761 3)
758 2732 780 2755 3.
795 2729 860 2762 Req.
872 2733 911 2761 21,
923 2734 960 2755 25.
1052 2730 1079 2761 4)
1098 2729 1157 2755 Iole.
1173 2733 1213 2761 19,
1225 2733 1257 2755 23
1266 2737 1303 2762 811.
1396 2731 1421 2755 ὃν
1443 2731 1483 2761 Cf.
1503 2736 1584 2760 szaeprtt
1606 2736 1644 2752 ια’,
1659 2730 1706 2752 -ῦΐᾶ
1726 2729 1749 2751 ct
1768 2729 1845 2751 'nolte‘

196 2780 225 2804 p.
238 2775 288 2797 476
307 2774 330 2797 et
350 2775 397 2797 47?
415 2771 530 2797 additus.

304 2831 342 2848 LL.
356 2831 580 2848 CONSTITUTIONES
593 2831 629 2848 VI.
