<?xml version="1.0" encoding="UTF-8"?>
<!DOCTYPE html PUBLIC "-//W3C//DTD XHTML 1.0 Transitional//EN"
    "http://www.w3.org/TR/xhtml1/DTD/xhtml1-transitional.dtd">
<html xmlns="http://www.w3.org/1999/xhtml" xml:lang="en" lang="en">
 <head>
  <title>
</title>
<meta http-equiv="Content-Type" content="text/html;charset=utf-8" />
  <meta name='ocr-system' content='tesseract 3.04.00' />
  <meta name='ocr-capabilities' content='ocr_page ocr_carea ocr_par ocr_line ocrx_word'/>
</head>
<body>
  <div class='ocr_page' id='page_1' title='image "./monumentagermani0601geseuoft/monumentagermani0601geseuoft_0539.png"; bbox 0 0 2205 3025; ppageno 0'>
   <div class='ocr_carea' id='block_1_1' title="bbox 157 748 182 767">
    <p class='ocr_par' dir='ltr' id='par_1_1' title="bbox 157 748 182 767">
     <span class='ocr_line' id='line_1_1' title="bbox 157 748 182 767; baseline -0.04 0"><span class='ocrx_word' id='word_1_1' title='bbox 157 748 182 767; x_wconf 86' lang='lat'>10</span> 
     </span>
    </p>
   </div>
   <div class='ocr_carea' id='block_1_2' title="bbox 158 1005 182 1024">
    <p class='ocr_par' dir='ltr' id='par_1_2' title="bbox 158 1005 182 1024">
     <span class='ocr_line' id='line_1_2' title="bbox 158 1005 182 1024; baseline 0 0"><span class='ocrx_word' id='word_1_2' title='bbox 158 1005 182 1024; x_wconf 77' lang='lat'>15</span> 
     </span>
    </p>
   </div>
   <div class='ocr_carea' id='block_1_3' title="bbox 159 1263 185 1282">
    <p class='ocr_par' dir='ltr' id='par_1_3' title="bbox 159 1263 185 1282">
     <span class='ocr_line' id='line_1_3' title="bbox 159 1263 185 1282; baseline -0.038 0"><span class='ocrx_word' id='word_1_3' title='bbox 159 1263 185 1282; x_wconf 77' lang='lat'>20</span> 
     </span>
    </p>
   </div>
   <div class='ocr_carea' id='block_1_4' title="bbox 156 1518 181 1537">
    <p class='ocr_par' dir='ltr' id='par_1_4' title="bbox 156 1518 181 1537">
     <span class='ocr_line' id='line_1_4' title="bbox 156 1518 181 1537; baseline -0.04 0"><span class='ocrx_word' id='word_1_4' title='bbox 156 1518 181 1537; x_wconf 76' lang='lat'>25</span> 
     </span>
    </p>
   </div>
   <div class='ocr_carea' id='block_1_5' title="bbox 158 1902 184 1920">
    <p class='ocr_par' dir='ltr' id='par_1_5' title="bbox 158 1902 184 1920">
     <span class='ocr_line' id='line_1_5' title="bbox 158 1902 184 1920; baseline 0 0"><span class='ocrx_word' id='word_1_5' title='bbox 158 1902 184 1920; x_wconf 81' lang='lat'>30</span> 
     </span>
    </p>
   </div>
   <div class='ocr_carea' id='block_1_6' title="bbox 156 2544 186 2562">
    <p class='ocr_par' dir='ltr' id='par_1_6' title="bbox 156 2544 186 2562">
     <span class='ocr_line' id='line_1_6' title="bbox 156 2544 186 2562; baseline 0 0"><span class='ocrx_word' id='word_1_6' title='bbox 156 2544 186 2562; x_wconf 76' lang='lat'>40</span> 
     </span>
    </p>
   </div>
   <div class='ocr_carea' id='block_1_7' title="bbox 394 175 1651 224">
    <p class='ocr_par' dir='ltr' id='par_1_7' title="bbox 394 175 1651 224">
     <span class='ocr_line' id='line_1_7' title="bbox 394 175 1651 224; baseline 0.004 -5"><span class='ocrx_word' id='word_1_7' title='bbox 394 175 495 220; x_wconf 30' lang='lat' dir='ltr'><strong>ACTA·</strong></span> <span class='ocrx_word' id='word_1_8' title='bbox 509 194 622 221; x_wconf 79' lang='lat' dir='ltr'>REGNI</span> <span class='ocrx_word' id='word_1_9' title='bbox 642 194 826 221; x_wconf 81' lang='lat' dir='ltr'>LUDEWICI</span> <span class='ocrx_word' id='word_1_10' title='bbox 844 195 892 222; x_wconf 85' lang='lat' dir='ltr'>IV.</span> <span class='ocrx_word' id='word_1_11' title='bbox 911 196 956 222; x_wconf 89' lang='grc' dir='ltr'>ΕΤ</span> <span class='ocrx_word' id='word_1_12' title='bbox 975 195 1158 222; x_wconf 81' lang='lat' dir='ltr'>FRIDERICI</span> <span class='ocrx_word' id='word_1_13' title='bbox 1178 197 1224 223; x_wconf 91' lang='lat' dir='ltr'>III.</span> <span class='ocrx_word' id='word_1_14' title='bbox 1263 197 1339 223; x_wconf 78' lang='lat'><strong>1329.</strong></span> <span class='ocrx_word' id='word_1_15' title='bbox 1376 197 1424 223; x_wconf 90' lang='lat' dir='ltr'>Nr.</span> <span class='ocrx_word' id='word_1_16' title='bbox 1438 197 1495 223; x_wconf 87' lang='lat'>600.</span> <span class='ocrx_word' id='word_1_17' title='bbox 1515 197 1573 224; x_wconf 78' lang='lat'>601.</span> <span class='ocrx_word' id='word_1_18' title='bbox 1593 198 1651 224; x_wconf 82' lang='lat'><strong>602.</strong></span> 
     </span>
    </p>
   </div>
   <div class='ocr_carea' id='block_1_8' title="bbox 200 281 1002 1032">
    <p class='ocr_par' dir='ltr' id='par_1_8' title="bbox 200 281 1002 1032">
     <span class='ocr_line' id='line_1_8' title="bbox 200 281 998 319; baseline 0.001 -8"><span class='ocrx_word' id='word_1_19' title='bbox 200 285 284 311; x_wconf 87' lang='lat' dir='ltr'>dictis</span> <span class='ocrx_word' id='word_1_20' title='bbox 312 285 419 311; x_wconf 80' lang='lat' dir='ltr'>civibus</span> <span class='ocrx_word' id='word_1_21' title='bbox 450 294 481 311; x_wconf 88' lang='lat' dir='ltr'>ac</span> <span class='ocrx_word' id='word_1_22' title='bbox 512 285 611 319; x_wconf 88' lang='lat' dir='ltr'>opidis</span> <span class='ocrx_word' id='word_1_23' title='bbox 635 286 836 318; x_wconf 78' lang='lat' dir='ltr'>Frankenfurt,</span> <span class='ocrx_word' id='word_1_24' title='bbox 867 281 998 312; x_wconf 78' lang='lat' dir='ltr'>Gailen-</span> 
     </span>
     <span class='ocr_line' id='line_1_9' title="bbox 200 331 999 372; baseline 0.001 -10"><span class='ocrx_word' id='word_1_25' title='bbox 200 332 336 371; x_wconf 81' lang='lat' dir='ltr'>hausen,</span> <span class='ocrx_word' id='word_1_26' title='bbox 372 331 538 372; x_wconf 86' lang='lat' dir='ltr'>Wepflarn</span> <span class='ocrx_word' id='word_1_27' title='bbox 569 335 602 362; x_wconf 87' lang='lat' dir='ltr'>et</span> <span class='ocrx_word' id='word_1_28' title='bbox 631 332 807 364; x_wconf 87' lang='lat' dir='ltr'>Fridberch</span> <span class='ocrx_word' id='word_1_29' title='bbox 842 338 936 364; x_wconf 82' lang='lat' dir='ltr'>omnia</span> <span class='ocrx_word' id='word_1_30' title='bbox 971 339 999 363; x_wconf 80' lang='lat' dir='ltr'>et</span> 
     </span>
     <span class='ocr_line' id='line_1_10' title="bbox 200 386 999 421; baseline 0.001 -9"><span class='ocrx_word' id='word_1_31' title='bbox 200 386 312 419; x_wconf 84' lang='lat' dir='ltr'>singula</span> <span class='ocrx_word' id='word_1_32' title='bbox 325 395 419 412; x_wconf 84' lang='lat' dir='ltr'>eorum</span> <span class='ocrx_word' id='word_1_33' title='bbox 434 386 593 420; x_wconf 68' lang='lat' dir='ltr'>privilegia,</span> <span class='ocrx_word' id='word_1_34' title='bbox 608 387 675 418; x_wconf 70' lang='lat' dir='ltr'>iura,</span> <span class='ocrx_word' id='word_1_35' title='bbox 690 387 835 414; x_wconf 77' lang='lat' dir='ltr'><strong>libertates</strong></span> <span class='ocrx_word' id='word_1_36' title='bbox 849 391 876 414; x_wconf 87' lang='lat' dir='ltr'>et</span> <span class='ocrx_word' id='word_1_37' title='bbox 890 387 999 421; x_wconf 80' lang='lat' dir='ltr'>gracias</span> 
     </span>
     <span class='ocr_line' id='line_1_11' title="bbox 200 437 999 472; baseline 0 -8"><span class='ocrx_word' id='word_1_38' title='bbox 200 446 233 464; x_wconf 85' lang='lat' dir='ltr'>ac</span> <span class='ocrx_word' id='word_1_39' title='bbox 253 437 474 464; x_wconf 85' lang='lat' dir='ltr'>conswetudines</span> <span class='ocrx_word' id='word_1_40' title='bbox 501 446 691 471; x_wconf 81' lang='lat' dir='ltr'>quascunque,</span> <span class='ocrx_word' id='word_1_41' title='bbox 717 441 799 472; x_wconf 88' lang='lat' dir='ltr'>prout</span> <span class='ocrx_word' id='word_1_42' title='bbox 818 438 886 472; x_wconf 82' lang='lat' dir='ltr'>ipsis</span> <span class='ocrx_word' id='word_1_43' title='bbox 905 448 922 464; x_wconf 85' lang='lat' dir='ltr'>a</span> <span class='ocrx_word' id='word_1_44' title='bbox 942 447 999 471; x_wconf 83' lang='lat' dir='ltr'>pre-</span> 
     </span>
     <span class='ocr_line' id='line_1_12' title="bbox 201 487 999 521; baseline 0.001 -7"><span class='ocrx_word' id='word_1_45' title='bbox 201 488 284 514; x_wconf 77' lang='lat' dir='ltr'>dictis</span> <span class='ocrx_word' id='word_1_46' title='bbox 303 487 404 514; x_wconf 84' lang='lat' dir='ltr'>nostris</span> <span class='ocrx_word' id='word_1_47' title='bbox 424 488 664 521; x_wconf 78' lang='lat' dir='ltr'>predecessoribus</span> <span class='ocrx_word' id='word_1_48' title='bbox 684 490 727 516; x_wconf 90' lang='lat' dir='ltr'>vel</span> <span class='ocrx_word' id='word_1_49' title='bbox 751 498 767 515; x_wconf 84' lang='lat' dir='ltr'>a</span> <span class='ocrx_word' id='word_1_50' title='bbox 791 490 870 515; x_wconf 87' lang='lat' dir='ltr'>nobis</span> <span class='ocrx_word' id='word_1_51' title='bbox 894 489 948 515; x_wconf 83' lang='lat' dir='ltr'>rite</span> <span class='ocrx_word' id='word_1_52' title='bbox 971 491 999 515; x_wconf 86' lang='lat' dir='ltr'>et</span> 
     </span>
     <span class='ocr_line' id='line_1_13' title="bbox 201 538 999 566; baseline 0 -1"><span class='ocrx_word' id='word_1_53' title='bbox 201 539 411 565; x_wconf 75' lang='lat' dir='ltr'>racionabiliter</span> <span class='ocrx_word' id='word_1_54' title='bbox 430 538 535 565; x_wconf 80' lang='lat' dir='ltr'>tradita</span> <span class='ocrx_word' id='word_1_55' title='bbox 554 541 618 565; x_wconf 87' lang='lat' dir='ltr'>suut</span> <span class='ocrx_word' id='word_1_56' title='bbox 636 541 665 566; x_wconf 88' lang='lat' dir='ltr'>et</span> <span class='ocrx_word' id='word_1_57' title='bbox 683 548 812 566; x_wconf 77' lang='lat' dir='ltr'>concessa</span> <span class='ocrx_word' id='word_1_58' title='bbox 830 549 876 566; x_wconf 83' lang='lat' dir='ltr'>seu</span> <span class='ocrx_word' id='word_1_59' title='bbox 896 539 999 566; x_wconf 78' lang='lat' dir='ltr'>tradite</span> 
     </span>
     <span class='ocr_line' id='line_1_14' title="bbox 200 589 1000 624; baseline 0.001 -9"><span class='ocrx_word' id='word_1_60' title='bbox 200 591 229 615; x_wconf 89' lang='lat' dir='ltr'>et</span> <span class='ocrx_word' id='word_1_61' title='bbox 248 597 384 621; x_wconf 77' lang='lat' dir='ltr'>concesse,</span> <span class='ocrx_word' id='word_1_62' title='bbox 405 589 592 623; x_wconf 86' lang='lat' dir='ltr'>approbamus</span> <span class='ocrx_word' id='word_1_63' title='bbox 611 592 640 616; x_wconf 83' lang='lat' dir='ltr'>et</span> <span class='ocrx_word' id='word_1_64' title='bbox 659 590 834 624; x_wconf 80' lang='lat' dir='ltr'>presentibus</span> <span class='ocrx_word' id='word_1_65' title='bbox 847 589 1000 623; x_wconf 62' lang='lat' dir='ltr'>graeiosius</span> 
     </span>
     <span class='ocr_line' id='line_1_15' title="bbox 200 640 1000 674; baseline 0.001 -9"><span class='ocrx_word' id='word_1_66' title='bbox 200 640 401 666; x_wconf 84' lang='lat' dir='ltr'>confirmamus.</span> <span class='ocrx_word' id='word_1_67' title='bbox 456 640 535 666; x_wconf 88' lang='lat' dir='ltr'>Nulli</span> <span class='ocrx_word' id='word_1_68' title='bbox 554 649 620 674; x_wconf 84' lang='lat' dir='ltr'>ergo</span> <span class='ocrx_word' id='word_1_69' title='bbox 634 641 744 667; x_wconf 87' lang='lat' dir='ltr'>omnino</span> <span class='ocrx_word' id='word_1_70' title='bbox 757 641 900 666; x_wconf 86' lang='lat' dir='ltr'>hominum</span> <span class='ocrx_word' id='word_1_71' title='bbox 914 641 1000 667; x_wconf 83' lang='lat' dir='ltr'>liceat</span> 
     </span>
     <span class='ocr_line' id='line_1_16' title="bbox 200 691 999 725; baseline 0.001 -9"><span class='ocrx_word' id='word_1_72' title='bbox 200 691 272 717; x_wconf 85' lang='lat' dir='ltr'>hanc</span> <span class='ocrx_word' id='word_1_73' title='bbox 291 692 385 716; x_wconf 84' lang='lat' dir='ltr'>nostre</span> <span class='ocrx_word' id='word_1_74' title='bbox 405 691 623 717; x_wconf 82' lang='lat' dir='ltr'>confirmacionis</span> <span class='ocrx_word' id='word_1_75' title='bbox 642 692 766 725; x_wconf 82' lang='lat' dir='ltr'>graciam</span> <span class='ocrx_word' id='word_1_76' title='bbox 786 691 937 724; x_wconf 55' lang='lat' dir='ltr'>insi-igeret·</span> <span class='ocrx_word' id='word_1_77' title='bbox 957 692 999 717; x_wconf 89' lang='lat' dir='ltr'>vel</span> 
     </span>
     <span class='ocr_line' id='line_1_17' title="bbox 201 741 999 776; baseline -0.001 -8"><span class='ocrx_word' id='word_1_78' title='bbox 201 742 224 768; x_wconf 91' lang='lat' dir='ltr'>ei</span> <span class='ocrx_word' id='word_1_79' title='bbox 245 751 313 768; x_wconf 87' lang='lat' dir='ltr'>ausu</span> <span class='ocrx_word' id='word_1_80' title='bbox 333 741 500 768; x_wconf 75' lang='lat' dir='ltr'>*temerario</span> <span class='ocrx_word' id='word_1_81' title='bbox 519 742 665 771; x_wconf 70' lang='lat' dir='ltr'>contraire,</span> <span class='ocrx_word' id='word_1_82' title='bbox 685 742 758 768; x_wconf 87' lang='lat' dir='ltr'>sicut</span> <span class='ocrx_word' id='word_1_83' title='bbox 776 742 999 776; x_wconf 80' lang='lat' dir='ltr'>indignacionem</span> 
     </span>
     <span class='ocr_line' id='line_1_18' title="bbox 201 793 999 826; baseline 0.001 -8"><span class='ocrx_word' id='word_1_84' title='bbox 201 794 323 819; x_wconf 85' lang='lat' dir='ltr'>nostram</span> <span class='ocrx_word' id='word_1_85' title='bbox 343 801 457 826; x_wconf 85' lang='lat' dir='ltr'>gravem</span> <span class='ocrx_word' id='word_1_86' title='bbox 483 795 512 819; x_wconf 88' lang='lat' dir='ltr'>et</span> <span class='ocrx_word' id='word_1_87' title='bbox 531 801 631 826; x_wconf 84' lang='lat' dir='ltr'>penam</span> <span class='ocrx_word' id='word_1_88' title='bbox 651 795 763 819; x_wconf 84' lang='lat' dir='ltr'>centum</span> <span class='ocrx_word' id='word_1_89' title='bbox 786 793 920 819; x_wconf 88' lang='lat' dir='ltr'>librarum</span> <span class='ocrx_word' id='word_1_90' title='bbox 940 793 999 819; x_wconf 81' lang='lat' dir='ltr'>auri</span> 
     </span>
     <span class='ocr_line' id='line_1_19' title="bbox 201 844 1000 878; baseline 0 -8"><span class='ocrx_word' id='word_1_91' title='bbox 201 844 277 878; x_wconf 86' lang='lat' dir='ltr'>puri,</span> <span class='ocrx_word' id='word_1_92' title='bbox 309 852 427 877; x_wconf 82' lang='lat' dir='ltr'>quarum</span> <span class='ocrx_word' id='word_1_93' title='bbox 457 844 592 871; x_wconf 80' lang='lat' dir='ltr'>medietas</span> <span class='ocrx_word' id='word_1_94' title='bbox 621 845 684 870; x_wconf 83' lang='lat' dir='ltr'>fisco</span> <span class='ocrx_word' id='word_1_95' title='bbox 716 846 820 875; x_wconf 79' lang='lat' dir='ltr'>nostro,</span> <span class='ocrx_word' id='word_1_96' title='bbox 852 844 909 870; x_wconf 84' lang='lat' dir='ltr'>alia</span> <span class='ocrx_word' id='word_1_97' title='bbox 938 853 1000 870; x_wconf 89' lang='lat' dir='ltr'>vero</span> 
     </span>
     <span class='ocr_line' id='line_1_20' title="bbox 202 895 1002 929; baseline -0.001 -7"><span class='ocrx_word' id='word_1_98' title='bbox 202 895 340 922; x_wconf 79' lang='lat' dir='ltr'>medietas</span> <span class='ocrx_word' id='word_1_99' title='bbox 378 895 508 921; x_wconf 85' lang='lat' dir='ltr'>iniuriam</span> <span class='ocrx_word' id='word_1_100' title='bbox 545 895 642 929; x_wconf 83' lang='lat' dir='ltr'>passis</span> <span class='ocrx_word' id='word_1_101' title='bbox 673 895 845 929; x_wconf 79' lang='lat' dir='ltr'>applicetur,</span> <span class='ocrx_word' id='word_1_102' title='bbox 883 895 1002 922; x_wconf 87' lang='lat' dir='ltr'>voluerit</span> 
     </span>
     <span class='ocr_line' id='line_1_21' title="bbox 203 946 1000 980; baseline 0.001 -9"><span class='ocrx_word' id='word_1_103' title='bbox 203 946 353 972; x_wconf 74' lang='lat' dir='ltr'>studiosius</span> <span class='ocrx_word' id='word_1_104' title='bbox 384 947 499 973; x_wconf 83' lang='lat' dir='ltr'>evitare.</span> <span class='ocrx_word' id='word_1_105' title='bbox 604 947 633 972; x_wconf 91' lang='lat' dir='ltr'>In</span> <span class='ocrx_word' id='word_1_106' title='bbox 665 955 781 980; x_wconf 84' lang='lat' dir='ltr'>quorum</span> <span class='ocrx_word' id='word_1_107' title='bbox 812 946 1000 972; x_wconf 82' lang='lat' dir='ltr'>testimonium</span> 
     </span>
     <span class='ocr_line' id='line_1_22' title="bbox 202 997 1001 1032; baseline 0 -9"><span class='ocrx_word' id='word_1_108' title='bbox 202 999 343 1031; x_wconf 79' lang='lat' dir='ltr'>presentes</span> <span class='ocrx_word' id='word_1_109' title='bbox 375 997 509 1024; x_wconf 83' lang='lat' dir='ltr'>conscribi</span> <span class='ocrx_word' id='word_1_110' title='bbox 541 1000 569 1024; x_wconf 89' lang='lat' dir='ltr'>et</span> <span class='ocrx_word' id='word_1_111' title='bbox 600 997 694 1032; x_wconf 86' lang='lat' dir='ltr'>sigillo</span> <span class='ocrx_word' id='word_1_112' title='bbox 723 997 879 1024; x_wconf 78' lang='lat' dir='ltr'>maiestatis</span> <span class='ocrx_word' id='word_1_113' title='bbox 909 1000 1001 1024; x_wconf 82' lang='lat' dir='ltr'>nostre</span> 
     </span>
    </p>
   </div>
   <div class='ocr_carea' id='block_1_9' title="bbox 200 1049 518 1076">
    <p class='ocr_par' dir='ltr' id='par_1_9' title="bbox 200 1049 518 1076">
     <span class='ocr_line' id='line_1_23' title="bbox 200 1049 518 1076; baseline 0.003 -1"><span class='ocrx_word' id='word_1_114' title='bbox 200 1049 328 1076; x_wconf 85' lang='lat' dir='ltr'>iussimus</span> <span class='ocrx_word' id='word_1_115' title='bbox 347 1049 518 1076; x_wconf 83' lang='lat' dir='ltr'>communiri.</span> 
     </span>
    </p>
   </div>
   <div class='ocr_carea' id='block_1_10' title="bbox 199 1253 1000 1435">
    <p class='ocr_par' dir='ltr' id='par_1_10' title="bbox 199 1253 1000 1435">
     <span class='ocr_line' id='line_1_24' title="bbox 246 1253 1000 1288; baseline -0.001 -8"><span class='ocrx_word' id='word_1_116' title='bbox 246 1256 310 1280; x_wconf 87' lang='lat' dir='ltr'>Dat.</span> <span class='ocrx_word' id='word_1_117' title='bbox 332 1255 429 1288; x_wconf 78' lang='lat' dir='ltr'>Pa-pie,</span> <span class='ocrx_word' id='word_1_118' title='bbox 459 1254 593 1287; x_wconf 82' lang='lat' dir='ltr'>vigesima</span> <span class='ocrx_word' id='word_1_119' title='bbox 621 1256 699 1281; x_wconf 78' lang='lat' dir='ltr'>sexta</span> <span class='ocrx_word' id='word_1_120' title='bbox 728 1254 771 1280; x_wconf 84' lang='lat' dir='ltr'>die</span> <span class='ocrx_word' id='word_1_121' title='bbox 795 1254 896 1280; x_wconf 85' lang='lat' dir='ltr'>mensis</span> <span class='ocrx_word' id='word_1_122' title='bbox 920 1253 1000 1283; x_wconf 73' lang='lat' dir='ltr'>Iunii,</span> 
     </span>
     <span class='ocr_line' id='line_1_25' title="bbox 200 1304 1000 1338; baseline -0.001 -7"><span class='ocrx_word' id='word_1_123' title='bbox 200 1314 272 1331; x_wconf 89' lang='lat' dir='ltr'>anno</span> <span class='ocrx_word' id='word_1_124' title='bbox 304 1306 416 1332; x_wconf 87' lang='lat' dir='ltr'>Domini</span> <span class='ocrx_word' id='word_1_125' title='bbox 452 1305 602 1332; x_wconf 86' lang='lat' dir='ltr'>millesimo</span> <span class='ocrx_word' id='word_1_126' title='bbox 641 1305 834 1332; x_wconf 72' lang='lat' dir='ltr'>trecentesimo</span> <span class='ocrx_word' id='word_1_127' title='bbox 867 1304 1000 1338; x_wconf 84' lang='lat' dir='ltr'>vigesimo</span> 
     </span>
     <span class='ocr_line' id='line_1_26' title="bbox 202 1356 1000 1391; baseline 0 -9"><span class='ocrx_word' id='word_1_128' title='bbox 202 1365 280 1387; x_wconf 83' lang='lat' dir='ltr'>nono,</span> <span class='ocrx_word' id='word_1_129' title='bbox 294 1357 372 1391; x_wconf 80' lang='lat' dir='ltr'>regni</span> <span class='ocrx_word' id='word_1_130' title='bbox 386 1357 473 1383; x_wconf 85' lang='lat' dir='ltr'>nostri</span> <span class='ocrx_word' id='word_1_131' title='bbox 487 1366 559 1383; x_wconf 85' lang='lat' dir='ltr'>anno</span> <span class='ocrx_word' id='word_1_132' title='bbox 572 1357 788 1390; x_wconf 79' lang='lat' dir='ltr'>quintodecimo,</span> <span class='ocrx_word' id='word_1_133' title='bbox 809 1356 919 1390; x_wconf 78' lang='lat' dir='ltr'>imperii</span> <span class='ocrx_word' id='word_1_134' title='bbox 937 1366 1000 1382; x_wconf 81' lang='lat' dir='ltr'>vero</span> 
     </span>
     <span class='ocr_line' id='line_1_27' title="bbox 199 1408 327 1435; baseline 0 -1"><span class='ocrx_word' id='word_1_135' title='bbox 199 1408 327 1435; x_wconf 85' lang='lat' dir='ltr'>secundo.</span> 
     </span>
    </p>
   </div>
   <div class='ocr_carea' id='block_1_11' title="bbox 1787 201 1846 230">
    <p class='ocr_par' dir='ltr' id='par_1_11' title="bbox 1787 201 1846 230">
     <span class='ocr_line' id='line_1_28' title="bbox 1787 201 1846 230; baseline 0 0"><span class='ocrx_word' id='word_1_136' title='bbox 1787 201 1846 230; x_wconf 83' lang='lat'>501</span> 
     </span>
    </p>
   </div>
   <div class='ocr_carea' id='block_1_12' title="bbox 1052 287 1851 1080">
    <p class='ocr_par' dir='ltr' id='par_1_12' title="bbox 1052 287 1851 1080">
     <span class='ocr_line' id='line_1_29' title="bbox 1052 287 1850 322; baseline 0.004 -10"><span class='ocrx_word' id='word_1_137' title='bbox 1052 288 1187 320; x_wconf 78' lang='lat' dir='ltr'>tanquam</span> <span class='ocrx_word' id='word_1_138' title='bbox 1211 287 1341 313; x_wconf 85' lang='lat' dir='ltr'>meritam</span> <span class='ocrx_word' id='word_1_139' title='bbox 1370 289 1456 321; x_wconf 87' lang='lat' dir='ltr'>atque</span> <span class='ocrx_word' id='word_1_140' title='bbox 1484 287 1666 322; x_wconf 82' lang='lat' dir='ltr'>condignam,</span> <span class='ocrx_word' id='word_1_141' title='bbox 1694 288 1762 322; x_wconf 86' lang='lat' dir='ltr'>ipsis</span> <span class='ocrx_word' id='word_1_142' title='bbox 1789 297 1850 322; x_wconf 87' lang='lat' dir='ltr'>pre-</span> 
     </span>
     <span class='ocr_line' id='line_1_30' title="bbox 1052 334 1849 376; baseline 0.005 -13"><span class='ocrx_word' id='word_1_143' title='bbox 1052 337 1135 364; x_wconf 85' lang='lat' dir='ltr'>dictis</span> <span class='ocrx_word' id='word_1_144' title='bbox 1159 337 1266 364; x_wconf 87' lang='lat' dir='ltr'>civibus</span> <span class='ocrx_word' id='word_1_145' title='bbox 1290 346 1322 364; x_wconf 85' lang='lat' dir='ltr'>ac</span> <span class='ocrx_word' id='word_1_146' title='bbox 1346 338 1447 372; x_wconf 84' lang='lat' dir='ltr'>opidis</span> <span class='ocrx_word' id='word_1_147' title='bbox 1471 336 1684 370; x_wconf 76' lang='lat' dir='ltr'>Franckenffirt,</span> <span class='ocrx_word' id='word_1_148' title='bbox 1708 334 1849 376; x_wconf 81' lang='lat' dir='ltr'>Geylen-</span> 
     </span>
     <span class='ocr_line' id='line_1_31' title="bbox 1052 383 1851 426; baseline 0.005 -13"><span class='ocrx_word' id='word_1_149' title='bbox 1052 383 1218 424; x_wconf 83' lang='lat' dir='ltr'>husen(si),</span> <span class='ocrx_word' id='word_1_150' title='bbox 1236 384 1482 426; x_wconf 85' lang='lat' dir='ltr'>Wetflarien(si)</span> <span class='ocrx_word' id='word_1_151' title='bbox 1508 387 1540 415; x_wconf 82' lang='lat' dir='ltr'>et</span> <span class='ocrx_word' id='word_1_152' title='bbox 1562 385 1739 417; x_wconf 83' lang='lat' dir='ltr'>Fridberck</span> <span class='ocrx_word' id='word_1_153' title='bbox 1756 391 1851 417; x_wconf 81' lang='lat' dir='ltr'>omnia</span> 
     </span>
     <span class='ocr_line' id='line_1_32' title="bbox 1053 439 1851 474; baseline 0.004 -9"><span class='ocrx_word' id='word_1_154' title='bbox 1053 441 1081 465; x_wconf 81' lang='lat' dir='ltr'>et</span> <span class='ocrx_word' id='word_1_155' title='bbox 1104 439 1216 473; x_wconf 85' lang='lat' dir='ltr'>singula</span> <span class='ocrx_word' id='word_1_156' title='bbox 1239 449 1335 466; x_wconf 89' lang='lat' dir='ltr'>eorum</span> <span class='ocrx_word' id='word_1_157' title='bbox 1358 440 1521 474; x_wconf 79' lang='lat' dir='ltr'>privilegia,</span> <span class='ocrx_word' id='word_1_158' title='bbox 1545 440 1619 472; x_wconf 80' lang='lat' dir='ltr'>iura,</span> <span class='ocrx_word' id='word_1_159' title='bbox 1650 441 1798 468; x_wconf 80' lang='lat' dir='ltr'>libertates</span> <span class='ocrx_word' id='word_1_160' title='bbox 1822 443 1851 468; x_wconf 81' lang='lat' dir='ltr'>et</span> 
     </span>
     <span class='ocr_line' id='line_1_33' title="bbox 1052 490 1850 526; baseline 0.003 -10"><span class='ocrx_word' id='word_1_161' title='bbox 1052 490 1161 524; x_wconf 79' lang='lat' dir='ltr'>gracias</span> <span class='ocrx_word' id='word_1_162' title='bbox 1179 500 1210 517; x_wconf 88' lang='lat' dir='ltr'>ac</span> <span class='ocrx_word' id='word_1_163' title='bbox 1227 491 1444 517; x_wconf 82' lang='lat' dir='ltr'>consuetudines</span> <span class='ocrx_word' id='word_1_164' title='bbox 1460 499 1658 525; x_wconf 86' lang='lat' dir='ltr'>quascumque,</span> <span class='ocrx_word' id='word_1_165' title='bbox 1682 494 1766 526; x_wconf 86' lang='lat' dir='ltr'>prout</span> <span class='ocrx_word' id='word_1_166' title='bbox 1782 493 1850 526; x_wconf 88' lang='lat' dir='ltr'>ipsis</span> 
     </span>
     <span class='ocr_line' id='line_1_34' title="bbox 1053 542 1850 576; baseline 0.004 -9"><span class='ocrx_word' id='word_1_167' title='bbox 1053 550 1069 566; x_wconf 82' lang='lat' dir='ltr'>a</span> <span class='ocrx_word' id='word_1_168' title='bbox 1093 542 1228 575; x_wconf 84' lang='lat' dir='ltr'>predictis</span> <span class='ocrx_word' id='word_1_169' title='bbox 1256 542 1361 568; x_wconf 86' lang='lat' dir='ltr'>nostris</span> <span class='ocrx_word' id='word_1_170' title='bbox 1388 542 1633 576; x_wconf 84' lang='lat' dir='ltr'>predecessoribus</span> <span class='ocrx_word' id='word_1_171' title='bbox 1658 544 1702 569; x_wconf 91' lang='lat' dir='ltr'>vel</span> <span class='ocrx_word' id='word_1_172' title='bbox 1729 552 1746 569; x_wconf 92' lang='lat' dir='ltr'>a</span> <span class='ocrx_word' id='word_1_173' title='bbox 1769 544 1850 570; x_wconf 90' lang='lat' dir='ltr'>nobis</span> 
     </span>
     <span class='ocr_line' id='line_1_35' title="bbox 1053 593 1851 621; baseline 0.004 -3"><span class='ocrx_word' id='word_1_174' title='bbox 1053 593 1106 619; x_wconf 89' lang='lat' dir='ltr'>rite</span> <span class='ocrx_word' id='word_1_175' title='bbox 1135 594 1164 619; x_wconf 93' lang='lat' dir='ltr'>et</span> <span class='ocrx_word' id='word_1_176' title='bbox 1192 593 1404 619; x_wconf 79' lang='lat' dir='ltr'>racionabiliter</span> <span class='ocrx_word' id='word_1_177' title='bbox 1432 593 1539 619; x_wconf 82' lang='lat' dir='ltr'>tradita</span> <span class='ocrx_word' id='word_1_178' title='bbox 1566 596 1632 620; x_wconf 85' lang='lat' dir='ltr'>sunt</span> <span class='ocrx_word' id='word_1_179' title='bbox 1659 596 1688 620; x_wconf 80' lang='lat' dir='ltr'>et</span> <span class='ocrx_word' id='word_1_180' title='bbox 1719 603 1851 621; x_wconf 78' lang='lat' dir='ltr'>concessa</span> 
     </span>
     <span class='ocr_line' id='line_1_36' title="bbox 1054 643 1849 680; baseline 0.005 -12"><span class='ocrx_word' id='word_1_181' title='bbox 1054 652 1101 669; x_wconf 85' lang='lat' dir='ltr'>seu</span> <span class='ocrx_word' id='word_1_182' title='bbox 1127 643 1230 669; x_wconf 77' lang='lat' dir='ltr'>tradite</span> <span class='ocrx_word' id='word_1_183' title='bbox 1255 645 1284 669; x_wconf 86' lang='lat' dir='ltr'>et</span> <span class='ocrx_word' id='word_1_184' title='bbox 1307 652 1450 675; x_wconf 82' lang='lat' dir='ltr'>concesse,</span> <span class='ocrx_word' id='word_1_185' title='bbox 1480 645 1668 678; x_wconf 82' lang='lat' dir='ltr'>approbamus</span> <span class='ocrx_word' id='word_1_186' title='bbox 1692 647 1721 672; x_wconf 88' lang='lat' dir='ltr'>et</span> <span class='ocrx_word' id='word_1_187' title='bbox 1743 646 1849 680; x_wconf 83' lang='lat' dir='ltr'>gracio-</span> 
     </span>
     <span class='ocr_line' id='line_1_37' title="bbox 1054 694 1850 730; baseline 0.005 -11"><span class='ocrx_word' id='word_1_188' title='bbox 1054 694 1110 719; x_wconf 85' lang='lat' dir='ltr'>sius</span> <span class='ocrx_word' id='word_1_189' title='bbox 1135 695 1339 720; x_wconf 85' lang='lat' dir='ltr'>confirmamus.</span> <span class='ocrx_word' id='word_1_190' title='bbox 1428 695 1502 721; x_wconf 92' lang='lat' dir='ltr'>Nulli</span> <span class='ocrx_word' id='word_1_191' title='bbox 1520 704 1586 730; x_wconf 82' lang='lat' dir='ltr'>ergo</span> <span class='ocrx_word' id='word_1_192' title='bbox 1604 695 1739 729; x_wconf 90' lang='lat' dir='ltr'>omni[n]0</span> <span class='ocrx_word' id='word_1_193' title='bbox 1762 697 1850 723; x_wconf 86' lang='lat' dir='ltr'>homi-</span> 
     </span>
     <span class='ocr_line' id='line_1_38' title="bbox 1054 743 1851 781; baseline 0.005 -11"><span class='ocrx_word' id='word_1_194' title='bbox 1054 754 1119 770; x_wconf 87' lang='lat' dir='ltr'>num</span> <span class='ocrx_word' id='word_1_195' title='bbox 1144 745 1229 771; x_wconf 84' lang='lat' dir='ltr'>liceat</span> <span class='ocrx_word' id='word_1_196' title='bbox 1252 745 1324 771; x_wconf 89' lang='lat' dir='ltr'>hanc</span> <span class='ocrx_word' id='word_1_197' title='bbox 1347 747 1442 772; x_wconf 79' lang='lat' dir='ltr'>nostre</span> <span class='ocrx_word' id='word_1_198' title='bbox 1466 747 1688 774; x_wconf 87' lang='lat' dir='ltr'>confirmacionis</span> <span class='ocrx_word' id='word_1_199' title='bbox 1713 743 1780 780; x_wconf 84' lang='lat' dir='ltr'>[et]b</span> <span class='ocrx_word' id='word_1_200' title='bbox 1804 756 1851 781; x_wconf 84' lang='lat' dir='ltr'>ap-</span> 
     </span>
     <span class='ocr_line' id='line_1_39' title="bbox 1054 795 1850 832; baseline 0.006 -12"><span class='ocrx_word' id='word_1_201' title='bbox 1054 795 1233 828; x_wconf 86' lang='lat' dir='ltr'>probacionis</span> <span class='ocrx_word' id='word_1_202' title='bbox 1257 796 1389 830; x_wconf 86' lang='lat' dir='ltr'>paginam</span> <span class='ocrx_word' id='word_1_203' title='bbox 1412 797 1565 832; x_wconf 83' lang='lat' dir='ltr'>infringere</span> <span class='ocrx_word' id='word_1_204' title='bbox 1589 799 1632 825; x_wconf 90' lang='lat' dir='ltr'>vel</span> <span class='ocrx_word' id='word_1_205' title='bbox 1661 798 1686 825; x_wconf 86' lang='lat' dir='ltr'>ei</span> <span class='ocrx_word' id='word_1_206' title='bbox 1709 807 1778 825; x_wconf 88' lang='lat' dir='ltr'>ausu</span> <span class='ocrx_word' id='word_1_207' title='bbox 1801 799 1850 824; x_wconf 81' lang='lat' dir='ltr'>ali-</span> 
     </span>
     <span class='ocr_line' id='line_1_40' title="bbox 1055 847 1850 883; baseline 0.005 -11"><span class='ocrx_word' id='word_1_208' title='bbox 1055 855 1110 879; x_wconf 89' lang='lat' dir='ltr'>quo</span> <span class='ocrx_word' id='word_1_209' title='bbox 1134 847 1284 873; x_wconf 85' lang='lat' dir='ltr'>temerario</span> <span class='ocrx_word' id='word_1_210' title='bbox 1309 848 1458 874; x_wconf 83' lang='lat' dir='ltr'>contraire.</span> <span class='ocrx_word' id='word_1_211' title='bbox 1505 848 1583 880; x_wconf 85' lang='lat' dir='ltr'>Quod</span> <span class='ocrx_word' id='word_1_212' title='bbox 1607 850 1655 883; x_wconf 87' lang='lat' dir='ltr'>qui</span> <span class='ocrx_word' id='word_1_213' title='bbox 1678 858 1850 883; x_wconf 85' lang='lat' dir='ltr'>presumpse-</span> 
     </span>
     <span class='ocr_line' id='line_1_41' title="bbox 1055 897 1851 934; baseline 0.006 -12"><span class='ocrx_word' id='word_1_214' title='bbox 1055 897 1104 928; x_wconf 84' lang='lat' dir='ltr'>rit,</span> <span class='ocrx_word' id='word_1_215' title='bbox 1135 897 1362 931; x_wconf 84' lang='lat' dir='ltr'>indignacionem</span> <span class='ocrx_word' id='word_1_216' title='bbox 1392 901 1516 925; x_wconf 81' lang='lat' dir='ltr'>nostram</span> <span class='ocrx_word' id='word_1_217' title='bbox 1550 902 1578 926; x_wconf 88' lang='lat' dir='ltr'>et</span> <span class='ocrx_word' id='word_1_218' title='bbox 1610 909 1711 934; x_wconf 87' lang='lat' dir='ltr'>penam</span> <span class='ocrx_word' id='word_1_219' title='bbox 1740 903 1851 927; x_wconf 86' lang='lat' dir='ltr'>centum</span> 
     </span>
     <span class='ocr_line' id='line_1_42' title="bbox 1055 948 1851 985; baseline 0.006 -12"><span class='ocrx_word' id='word_1_220' title='bbox 1055 948 1188 974; x_wconf 81' lang='lat' dir='ltr'>librarum</span> <span class='ocrx_word' id='word_1_221' title='bbox 1213 949 1274 975; x_wconf 81' lang='lat' dir='ltr'>auri</span> <span class='ocrx_word' id='word_1_222' title='bbox 1296 950 1359 983; x_wconf 83' lang='lat' dir='ltr'>puri</span> <span class='ocrx_word' id='word_1_223' title='bbox 1384 951 1515 984; x_wconf 82' lang='lat' dir='ltr'>ponderis</span> <span class='ocrx_word' id='word_1_224' title='bbox 1540 951 1646 985; x_wconf 77' lang='lat' dir='ltr'>legalis,</span> <span class='ocrx_word' id='word_1_225' title='bbox 1670 952 1851 978; x_wconf 78' lang='lat' dir='ltr'>medietatem</span> 
     </span>
     <span class='ocr_line' id='line_1_43' title="bbox 1056 1000 1850 1037; baseline 0.006 -13"><span class='ocrx_word' id='word_1_226' title='bbox 1056 1000 1123 1025; x_wconf 84' lang='lat' dir='ltr'>fisco</span> <span class='ocrx_word' id='word_1_227' title='bbox 1149 1001 1245 1025; x_wconf 82' lang='lat' dir='ltr'>nostro</span> <span class='ocrx_word' id='word_1_228' title='bbox 1275 1001 1303 1026; x_wconf 87' lang='lat' dir='ltr'>et</span> <span class='ocrx_word' id='word_1_229' title='bbox 1327 1001 1463 1034; x_wconf 87' lang='lat' dir='ltr'>reliquam</span> <span class='ocrx_word' id='word_1_230' title='bbox 1490 1003 1671 1029; x_wconf 83' lang='lat' dir='ltr'>medietatem</span> <span class='ocrx_word' id='word_1_231' title='bbox 1698 1003 1788 1037; x_wconf 86' lang='lat' dir='ltr'>passis</span> <span class='ocrx_word' id='word_1_232' title='bbox 1811 1003 1850 1029; x_wconf 91' lang='lat' dir='ltr'>in-</span> 
     </span>
     <span class='ocr_line' id='line_1_44' title="bbox 1821 1055 1851 1080; baseline 0 0"><span class='ocrx_word' id='word_1_233' title='bbox 1821 1055 1851 1080; x_wconf 85' lang='lat' dir='ltr'>In</span> 
     </span>
    </p>
   </div>
   <div class='ocr_carea' id='block_1_13' title="bbox 1056 1103 1850 1139">
    <p class='ocr_par' dir='ltr' id='par_1_13' title="bbox 1056 1103 1850 1139">
     <span class='ocr_line' id='line_1_45' title="bbox 1056 1103 1850 1139; baseline 0.006 -12"><span class='ocrx_word' id='word_1_234' title='bbox 1056 1110 1175 1134; x_wconf 85' lang='lat' dir='ltr'>quorum</span> <span class='ocrx_word' id='word_1_235' title='bbox 1200 1103 1322 1128; x_wconf 86' lang='lat' dir='ltr'>omnium</span> <span class='ocrx_word' id='word_1_236' title='bbox 1340 1103 1532 1130; x_wconf 83' lang='lat' dir='ltr'>testimoninm</span> <span class='ocrx_word' id='word_1_237' title='bbox 1558 1106 1586 1130; x_wconf 88' lang='lat' dir='ltr'>et</span> <span class='ocrx_word' id='word_1_238' title='bbox 1610 1105 1771 1132; x_wconf 88' lang='lat' dir='ltr'>firmitatem</span> <span class='ocrx_word' id='word_1_239' title='bbox 1791 1114 1850 1139; x_wconf 83' lang='lat' dir='ltr'>pre-</span> 
     </span>
    </p>
   </div>
   <div class='ocr_carea' id='block_1_14' title="bbox 1055 1050 1736 1080">
    <p class='ocr_par' dir='ltr' id='par_1_14' title="bbox 1055 1050 1736 1080">
     <span class='ocr_line' id='line_1_46' title="bbox 1055 1050 1736 1080; baseline 0.007 -5"><span class='ocrx_word' id='word_1_240' title='bbox 1055 1050 1156 1076; x_wconf 78' lang='lat' dir='ltr'>iuriam</span> <span class='ocrx_word' id='word_1_241' title='bbox 1180 1051 1342 1077; x_wconf 83' lang='lat' dir='ltr'>solvendam</span> <span class='ocrx_word' id='word_1_242' title='bbox 1366 1061 1394 1078; x_wconf 87' lang='lat' dir='ltr'>se</span> <span class='ocrx_word' id='word_1_243' title='bbox 1418 1053 1529 1079; x_wconf 87' lang='lat' dir='ltr'>noverit</span> <span class='ocrx_word' id='word_1_244' title='bbox 1552 1053 1736 1080; x_wconf 85' lang='lat' dir='ltr'>incursurum.</span> 
     </span>
    </p>
   </div>
   <div class='ocr_carea' id='block_1_15' title="bbox 1051 1154 1855 1757">
    <p class='ocr_par' dir='ltr' id='par_1_15' title="bbox 1055 1154 1852 1230">
     <span class='ocr_line' id='line_1_47' title="bbox 1058 1154 1852 1182; baseline 0.004 -3"><span class='ocrx_word' id='word_1_245' title='bbox 1058 1155 1151 1179; x_wconf 75' lang='lat' dir='ltr'>sentes</span> <span class='ocrx_word' id='word_1_246' title='bbox 1176 1154 1314 1179; x_wconf 82' lang='lat' dir='ltr'>conscribi</span> <span class='ocrx_word' id='word_1_247' title='bbox 1343 1156 1371 1180; x_wconf 82' lang='lat' dir='ltr'>et</span> <span class='ocrx_word' id='word_1_248' title='bbox 1394 1154 1471 1180; x_wconf 85' lang='lat' dir='ltr'>bulla</span> <span class='ocrx_word' id='word_1_249' title='bbox 1495 1156 1592 1181; x_wconf 88' lang='lat' dir='ltr'>nostra</span> <span class='ocrx_word' id='word_1_250' title='bbox 1615 1164 1700 1182; x_wconf 82' lang='lat' dir='ltr'>aurea</span> <span class='ocrx_word' id='word_1_251' title='bbox 1722 1156 1852 1182; x_wconf 85' lang='lat' dir='ltr'>iussimus</span> 
     </span>
     <span class='ocr_line' id='line_1_48' title="bbox 1055 1204 1219 1230; baseline 0 0"><span class='ocrx_word' id='word_1_252' title='bbox 1055 1204 1219 1230; x_wconf 87' lang='lat' dir='ltr'>conmuniri.</span> 
     </span>
    </p>

    <p class='ocr_par' dir='ltr' id='par_1_16' title="bbox 1055 1256 1853 1442">
     <span class='ocr_line' id='line_1_49' title="bbox 1100 1256 1852 1290; baseline 0.004 -9"><span class='ocrx_word' id='word_1_253' title='bbox 1100 1256 1163 1281; x_wconf 79' lang='lat' dir='ltr'>Dat.</span> <span class='ocrx_word' id='word_1_254' title='bbox 1181 1256 1274 1289; x_wconf 76' lang='lat' dir='ltr'>Papie,</span> <span class='ocrx_word' id='word_1_255' title='bbox 1300 1256 1435 1289; x_wconf 83' lang='lat' dir='ltr'>vigesima</span> <span class='ocrx_word' id='word_1_256' title='bbox 1452 1257 1572 1290; x_wconf 85' lang='lat' dir='ltr'>septima</span> <span class='ocrx_word' id='word_1_257' title='bbox 1589 1257 1633 1284; x_wconf 88' lang='lat' dir='ltr'>die</span> <span class='ocrx_word' id='word_1_258' title='bbox 1649 1258 1752 1284; x_wconf 83' lang='lat' dir='ltr'>mensis</span> <span class='ocrx_word' id='word_1_259' title='bbox 1770 1258 1852 1289; x_wconf 82' lang='lat' dir='ltr'>Iunii,</span> 
     </span>
     <span class='ocr_line' id='line_1_50' title="bbox 1056 1306 1853 1339; baseline 0.003 -7"><span class='ocrx_word' id='word_1_260' title='bbox 1056 1306 1211 1333; x_wconf 86' lang='lat' dir='ltr'>indictione</span> <span class='ocrx_word' id='word_1_261' title='bbox 1247 1307 1424 1339; x_wconf 81' lang='lat' dir='ltr'>duodecima,</span> <span class='ocrx_word' id='word_1_262' title='bbox 1459 1316 1533 1334; x_wconf 82' lang='lat' dir='ltr'>anno</span> <span class='ocrx_word' id='word_1_263' title='bbox 1560 1308 1674 1334; x_wconf 91' lang='lat' dir='ltr'>Domini</span> <span class='ocrx_word' id='word_1_264' title='bbox 1704 1309 1853 1335; x_wconf 86' lang='lat' dir='ltr'>millesimo</span> 
     </span>
     <span class='ocr_line' id='line_1_51' title="bbox 1056 1358 1853 1393; baseline 0.003 -10"><span class='ocrx_word' id='word_1_265' title='bbox 1056 1358 1255 1384; x_wconf 77' lang='lat' dir='ltr'>trecentesimo</span> <span class='ocrx_word' id='word_1_266' title='bbox 1280 1358 1412 1384; x_wconf 85' lang='lat' dir='ltr'>vicesimo</span> <span class='ocrx_word' id='word_1_267' title='bbox 1440 1368 1527 1390; x_wconf 68' lang='lat' dir='ltr'>nono,</span> <span class='ocrx_word' id='word_1_268' title='bbox 1556 1359 1636 1393; x_wconf 84' lang='lat' dir='ltr'>regni</span> <span class='ocrx_word' id='word_1_269' title='bbox 1664 1359 1753 1385; x_wconf 87' lang='lat' dir='ltr'>nostri</span> <span class='ocrx_word' id='word_1_270' title='bbox 1780 1368 1853 1385; x_wconf 79' lang='lat' dir='ltr'>anno</span> 
     </span>
     <span class='ocr_line' id='line_1_52' title="bbox 1055 1409 1653 1442; baseline 0.003 -8"><span class='ocrx_word' id='word_1_271' title='bbox 1055 1409 1274 1442; x_wconf 76' lang='lat' dir='ltr'>quintodecimo,</span> <span class='ocrx_word' id='word_1_272' title='bbox 1299 1409 1409 1442; x_wconf 82' lang='lat' dir='ltr'>imperii</span> <span class='ocrx_word' id='word_1_273' title='bbox 1435 1419 1499 1436; x_wconf 81' lang='lat' dir='ltr'>vero</span> <span class='ocrx_word' id='word_1_274' title='bbox 1523 1411 1653 1437; x_wconf 82' lang='lat' dir='ltr'>secundo.</span> 
     </span>
    </p>

    <p class='ocr_par' dir='ltr' id='par_1_17' title="bbox 1056 1467 1853 1554">
     <span class='ocr_line' id='line_1_53' title="bbox 1098 1467 1853 1505; baseline 0.001 -11"><span class='ocrx_word' id='word_1_275' title='bbox 1098 1467 1110 1505; x_wconf 63' lang='grc' dir='ltr'>ἐξ</span> <span class='ocrx_word' id='word_1_276' title='bbox 1130 1468 1246 1502; x_wconf 79' lang='lat' dir='ltr'>Signum</span> <span class='ocrx_word' id='word_1_277' title='bbox 1281 1469 1387 1494; x_wconf 89' lang='lat' dir='ltr'>domini</span> <span class='ocrx_word' id='word_1_278' title='bbox 1419 1470 1559 1496; x_wconf 78' lang='lat' dir='ltr'>Ludowici</span> <span class='ocrx_word' id='word_1_279' title='bbox 1595 1469 1689 1503; x_wconf 79' lang='lat' dir='ltr'>quarti</span> <span class='ocrx_word' id='word_1_280' title='bbox 1716 1469 1853 1495; x_wconf 84' lang='lat' dir='ltr'>Romano-</span> 
     </span>
     <span class='ocr_line' id='line_1_54' title="bbox 1056 1516 1639 1554; baseline 0.005 -9"><span class='ocrx_word' id='word_1_281' title='bbox 1056 1529 1116 1545; x_wconf 88' lang='lat' dir='ltr'>rum</span> <span class='ocrx_word' id='word_1_282' title='bbox 1134 1517 1195 1552; x_wconf 78' lang='lat' dir='ltr'>(M.)</span> <span class='ocrx_word' id='word_1_283' title='bbox 1220 1520 1399 1553; x_wconf 82' lang='lat' dir='ltr'>imperatoris</span> <span class='ocrx_word' id='word_1_284' title='bbox 1423 1516 1639 1554; x_wconf 46' lang='lat' dir='ltr'>invictissimi}</span> 
     </span>
    </p>

    <p class='ocr_par' dir='ltr' id='par_1_18' title="bbox 1051 1570 1855 1757">
     <span class='ocr_line' id='line_1_55' title="bbox 1098 1570 1854 1606; baseline 0.001 -10"><span class='ocrx_word' id='word_1_285' title='bbox 1098 1570 1176 1604; x_wconf 81' lang='lat' dir='ltr'>Egoc</span> <span class='ocrx_word' id='word_1_286' title='bbox 1198 1572 1286 1597; x_wconf 77' lang='lat' dir='ltr'>frater</span> <span class='ocrx_word' id='word_1_287' title='bbox 1306 1571 1454 1598; x_wconf 85' lang='lat' dir='ltr'>Heinricus</span> <span class='ocrx_word' id='word_1_288' title='bbox 1479 1581 1556 1598; x_wconf 86' lang='lat' dir='ltr'>sacre</span> <span class='ocrx_word' id='word_1_289' title='bbox 1581 1572 1731 1606; x_wconf 85' lang='lat' dir='ltr'>theologie</span> <span class='ocrx_word' id='word_1_290' title='bbox 1755 1572 1854 1598; x_wconf 89' lang='lat' dir='ltr'>doctor</span> 
     </span>
     <span class='ocr_line' id='line_1_56' title="bbox 1051 1622 1853 1657; baseline 0.002 -10"><span class='ocrx_word' id='word_1_291' title='bbox 1051 1631 1152 1656; x_wconf 80' lang='lat' dir='ltr'>gerens</span> <span class='ocrx_word' id='word_1_292' title='bbox 1185 1622 1306 1648; x_wconf 80' lang='lat' dir='ltr'>officium</span> <span class='ocrx_word' id='word_1_293' title='bbox 1342 1624 1503 1649; x_wconf 80' lang='lat' dir='ltr'>cancellarii</span> <span class='ocrx_word' id='word_1_294' title='bbox 1538 1623 1644 1649; x_wconf 87' lang='lat' dir='ltr'>domini</span> <span class='ocrx_word' id='word_1_295' title='bbox 1674 1623 1853 1657; x_wconf 86' lang='lat' dir='ltr'>imperatoris</span> 
     </span>
     <span class='ocr_line' id='line_1_57' title="bbox 1054 1673 1855 1707; baseline 0.001 -9"><span class='ocrx_word' id='word_1_296' title='bbox 1054 1674 1113 1699; x_wconf 88' lang='lat' dir='ltr'>vice</span> <span class='ocrx_word' id='word_1_297' title='bbox 1131 1673 1337 1707; x_wconf 85' lang='lat' dir='ltr'>archiepiscopi</span> <span class='ocrx_word' id='word_1_298' title='bbox 1355 1673 1530 1700; x_wconf 86' lang='lat' dir='ltr'>Coloniensis</span> <span class='ocrx_word' id='word_1_299' title='bbox 1548 1674 1789 1701; x_wconf 83' lang='lat' dir='ltr'>archicancellarii</span> <span class='ocrx_word' id='word_1_300' title='bbox 1806 1682 1855 1707; x_wconf 90' lang='lat' dir='ltr'>per</span> 
     </span>
     <span class='ocr_line' id='line_1_58' title="bbox 1054 1725 1379 1757; baseline 0 -7"><span class='ocrx_word' id='word_1_301' title='bbox 1054 1725 1165 1750; x_wconf 79' lang='lat' dir='ltr'>Italiam</span> <span class='ocrx_word' id='word_1_302' title='bbox 1189 1725 1379 1757; x_wconf 84' lang='lat' dir='ltr'>recongnovi.</span> 
     </span>
    </p>
   </div>
   <div class='ocr_carea' id='block_1_16' title="bbox 450 1880 1608 1973">
    <p class='ocr_par' dir='ltr' id='par_1_19' title="bbox 450 1880 1608 1973">
     <span class='ocr_line' id='line_1_59' title="bbox 450 1880 1608 1914; baseline -0.002 0"><span class='ocrx_word' id='word_1_303' title='bbox 450 1885 639 1914; x_wconf 80' lang='lat'>602-605,</span> <span class='ocrx_word' id='word_1_304' title='bbox 675 1881 939 1913; x_wconf 85' lang='lat' dir='ltr'><strong>PRIVILEGIA</strong></span> <span class='ocrx_word' id='word_1_305' title='bbox 964 1881 1052 1913; x_wconf 90' lang='lat' dir='ltr'>PRO</span> <span class='ocrx_word' id='word_1_306' title='bbox 1079 1881 1289 1912; x_wconf 87' lang='lat' dir='ltr'><strong>CIVITATE</strong></span> <span class='ocrx_word' id='word_1_307' title='bbox 1314 1880 1608 1912; x_wconf 84' lang='lat' dir='ltr'>CREMONENSI.</span> 
     </span>
     <span class='ocr_line' id='line_1_60' title="bbox 900 1942 1164 1973; baseline -0.004 -1"><span class='ocrx_word' id='word_1_308' title='bbox 900 1944 991 1973; x_wconf 86' lang='lat'><strong>1329.</strong></span> <span class='ocrx_word' id='word_1_309' title='bbox 1028 1942 1096 1972; x_wconf 86' lang='lat' dir='ltr'>Iun.</span> <span class='ocrx_word' id='word_1_310' title='bbox 1114 1943 1164 1971; x_wconf 75' lang='lat'>21.</span> 
     </span>
    </p>
   </div>
   <div class='ocr_carea' id='block_1_17' title="bbox 158 2026 1858 2221">
    <p class='ocr_par' dir='ltr' id='par_1_20' title="bbox 158 2026 1858 2221">
     <span class='ocr_line' id='line_1_61' title="bbox 314 2026 1854 2067; baseline -0.002 -8"><span class='ocrx_word' id='word_1_311' title='bbox 314 2029 362 2066; x_wconf 80' lang='lat' dir='ltr'>Cf.</span> <span class='ocrx_word' id='word_1_312' title='bbox 376 2039 412 2058; x_wconf 78' lang='lat' dir='ltr'>ea</span> <span class='ocrx_word' id='word_1_313' title='bbox 428 2038 510 2067; x_wconf 74' lang='lat' dir='ltr'>quae</span> <span class='ocrx_word' id='word_1_314' title='bbox 523 2028 559 2058; x_wconf 81' lang='lat' dir='ltr'>de</span> <span class='ocrx_word' id='word_1_315' title='bbox 572 2028 620 2058; x_wconf 76' lang='lat' dir='ltr'>his</span> <span class='ocrx_word' id='word_1_316' title='bbox 634 2028 829 2058; x_wconf 73' lang='lat' dir='ltr'>documentis</span> <span class='ocrx_word' id='word_1_317' title='bbox 843 2030 872 2058; x_wconf 78' lang='lat' dir='ltr'>et</span> <span class='ocrx_word' id='word_1_318' title='bbox 885 2027 1018 2058; x_wconf 73' lang='lat' dir='ltr'>editione</span> <span class='ocrx_word' id='word_1_319' title='bbox 1034 2027 1123 2067; x_wconf 67' lang='lat' dir='ltr'>apud</span> <span class='ocrx_word' id='word_1_320' title='bbox 1135 2026 1270 2057; x_wconf 67' lang='lat' dir='ltr'>Bdhmer</span> <span class='ocrx_word' id='word_1_321' title='bbox 1283 2028 1374 2057; x_wconf 72' lang='lat' dir='ltr'>‘Acta</span> <span class='ocrx_word' id='word_1_322' title='bbox 1392 2027 1515 2066; x_wconf 72' lang='lat' dir='ltr'>imperii</span> <span class='ocrx_word' id='word_1_323' title='bbox 1526 2026 1648 2057; x_wconf 68' lang='lat' dir='ltr'>selecta&#39;</span> <span class='ocrx_word' id='word_1_324' title='bbox 1665 2027 1752 2064; x_wconf 76' lang='lat' dir='ltr'>facta</span> <span class='ocrx_word' id='word_1_325' title='bbox 1764 2029 1854 2057; x_wconf 72' lang='lat' dir='ltr'>nota-</span> 
     </span>
     <span class='ocr_line' id='line_1_62' title="bbox 201 2078 1858 2118; baseline -0.002 -7"><span class='ocrx_word' id='word_1_326' title='bbox 201 2081 304 2111; x_wconf 80' lang='lat' dir='ltr'>vimus</span> <span class='ocrx_word' id='word_1_327' title='bbox 319 2080 433 2111; x_wconf 76' lang='lat' dir='ltr'>‘Ncues</span> <span class='ocrx_word' id='word_1_328' title='bbox 445 2079 574 2110; x_wconf 64' lang='lat' dir='ltr'>Archiv’</span> <span class='ocrx_word' id='word_1_329' title='bbox 587 2078 700 2116; x_wconf 81' lang='lat' dir='ltr'><em>XXX,</em></span> <span class='ocrx_word' id='word_1_330' title='bbox 717 2081 778 2108; x_wconf 74' lang='lat'>435</span> <span class='ocrx_word' id='word_1_331' title='bbox 788 2089 852 2118; x_wconf 79' lang='lat' dir='ltr'>sqq.</span> <span class='ocrx_word' id='word_1_332' title='bbox 886 2078 1007 2109; x_wconf 77' lang='lat' dir='ltr'>Eadem</span> <span class='ocrx_word' id='word_1_333' title='bbox 1023 2088 1122 2109; x_wconf 72' lang='lat' dir='ltr'>mauu</span> <span class='ocrx_word' id='word_1_334' title='bbox 1141 2078 1332 2108; x_wconf 70' lang='lat' dir='ltr'>Germanica</span> <span class='ocrx_word' id='word_1_335' title='bbox 1349 2081 1481 2108; x_wconf 72' lang='lat' dir='ltr'>exarata</span> <span class='ocrx_word' id='word_1_336' title='bbox 1503 2081 1577 2108; x_wconf 68' lang='lat' dir='ltr'>smil}</span> <span class='ocrx_word' id='word_1_337' title='bbox 1599 2078 1719 2116; x_wconf 71' lang='lat' dir='ltr'>scripta</span> <span class='ocrx_word' id='word_1_338' title='bbox 1734 2088 1781 2108; x_wconf 74' lang='lat' dir='ltr'>nr.</span> <span class='ocrx_word' id='word_1_339' title='bbox 1795 2079 1858 2108; x_wconf 78' lang='lat'>602</span> 
     </span>
     <span class='ocr_line' id='line_1_63' title="bbox 203 2129 1856 2168; baseline -0.001 -6"><span class='ocrx_word' id='word_1_340' title='bbox 203 2132 259 2162; x_wconf 80' lang='lat' dir='ltr'>sub</span> <span class='ocrx_word' id='word_1_341' title='bbox 276 2132 315 2168; x_wconf 87' lang='lat' dir='ltr'>A,</span> <span class='ocrx_word' id='word_1_342' title='bbox 340 2132 402 2161; x_wconf 71' lang='lat'>604</span> <span class='ocrx_word' id='word_1_343' title='bbox 427 2131 484 2161; x_wconf 76' lang='lat' dir='ltr'>sub</span> <span class='ocrx_word' id='word_1_344' title='bbox 501 2131 543 2167; x_wconf 79' lang='lat' dir='ltr'>A,</span> <span class='ocrx_word' id='word_1_345' title='bbox 569 2131 630 2160; x_wconf 82' lang='lat'>605</span> <span class='ocrx_word' id='word_1_346' title='bbox 654 2130 710 2161; x_wconf 78' lang='lat' dir='ltr'>sub</span> <span class='ocrx_word' id='word_1_347' title='bbox 726 2131 772 2167; x_wconf 92' lang='lat' dir='ltr'>A;</span> <span class='ocrx_word' id='word_1_348' title='bbox 800 2130 905 2160; x_wconf 73' lang='lat' dir='ltr'>eadem</span> <span class='ocrx_word' id='word_1_349' title='bbox 921 2129 1039 2160; x_wconf 75' lang='lat' dir='ltr'>Italica</span> <span class='ocrx_word' id='word_1_350' title='bbox 1061 2139 1131 2160; x_wconf 66' lang='lat' dir='ltr'>vero</span> <span class='ocrx_word' id='word_1_351' title='bbox 1153 2130 1283 2160; x_wconf 59' lang='lat'>‘127260‘2</span> <span class='ocrx_word' id='word_1_352' title='bbox 1306 2129 1363 2159; x_wconf 75' lang='lat' dir='ltr'>sub</span> <span class='ocrx_word' id='word_1_353' title='bbox 1378 2129 1414 2166; x_wconf 87' lang='lat' dir='ltr'>B,</span> <span class='ocrx_word' id='word_1_354' title='bbox 1440 2129 1500 2159; x_wconf 69' lang='lat'>604</span> <span class='ocrx_word' id='word_1_355' title='bbox 1523 2129 1579 2160; x_wconf 74' lang='lat' dir='ltr'>sub</span> <span class='ocrx_word' id='word_1_356' title='bbox 1594 2129 1631 2166; x_wconf 85' lang='lat' dir='ltr'>B,</span> <span class='ocrx_word' id='word_1_357' title='bbox 1656 2130 1718 2159; x_wconf 82' lang='lat'>605</span> <span class='ocrx_word' id='word_1_358' title='bbox 1739 2129 1796 2160; x_wconf 80' lang='lat' dir='ltr'>sub</span> <span class='ocrx_word' id='word_1_359' title='bbox 1820 2129 1856 2160; x_wconf 91' lang='grc' dir='ltr'>Β.</span> 
     </span>
     <span class='ocr_line' id='line_1_64' title="bbox 158 2180 1857 2221; baseline -0.002 -7"><span class='ocrx_word' id='word_1_360' title='bbox 158 2192 184 2211; x_wconf 78' lang='lat'>³5</span> <span class='ocrx_word' id='word_1_361' title='bbox 207 2182 412 2221; x_wconf 53' lang='lat' dir='ltr'>Priv&#39;ileyium</span> <span class='ocrx_word' id='word_1_362' title='bbox 439 2192 488 2213; x_wconf 77' lang='grc' dir='ltr'>ην.</span> <span class='ocrx_word' id='word_1_363' title='bbox 508 2184 569 2212; x_wconf 82' lang='grc'>603</span> <span class='ocrx_word' id='word_1_364' title='bbox 597 2182 702 2212; x_wconf 71' lang='lat' dir='ltr'>eadem</span> <span class='ocrx_word' id='word_1_365' title='bbox 726 2192 840 2219; x_wconf 73' lang='lat' dir='ltr'>manu,</span> <span class='ocrx_word' id='word_1_366' title='bbox 874 2181 987 2212; x_wconf 76' lang='lat' dir='ltr'>Italica</span> <span class='ocrx_word' id='word_1_367' title='bbox 1011 2183 1045 2211; x_wconf 74' lang='lat' dir='ltr'>ut</span> <span class='ocrx_word' id='word_1_368' title='bbox 1067 2181 1203 2217; x_wconf 74' lang='lat' dir='ltr'>videtur,</span> <span class='ocrx_word' id='word_1_369' title='bbox 1233 2181 1385 2219; x_wconf 64' lang='lat' dir='ltr'>scriptum</span> <span class='ocrx_word' id='word_1_370' title='bbox 1413 2183 1457 2211; x_wconf 78' lang='lat' dir='ltr'>est</span> <span class='ocrx_word' id='word_1_371' title='bbox 1485 2190 1523 2211; x_wconf 86' lang='lat' dir='ltr'>ac</span> <span class='ocrx_word' id='word_1_372' title='bbox 1545 2180 1739 2211; x_wconf 73' lang='lat' dir='ltr'>Mandatum</span> <span class='ocrx_word' id='word_1_373' title='bbox 1766 2180 1857 2221; x_wconf 60' lang='lat' dir='ltr'>‘infra</span> 
     </span>
    </p>
   </div>
   <div class='ocr_carea' id='block_1_18' title="bbox 204 2236 638 2333">
    <p class='ocr_par' dir='ltr' id='par_1_21' title="bbox 204 2236 638 2333">
     <span class='ocr_line' id='line_1_65' title="bbox 204 2236 344 2265; baseline 0 -1"><span class='ocrx_word' id='word_1_374' title='bbox 204 2245 253 2265; x_wconf 75' lang='lat' dir='ltr'>nr.</span> <span class='ocrx_word' id='word_1_375' title='bbox 272 2236 344 2264; x_wconf 83' lang='lat'><em>615.</em></span> 
     </span>
     <span class='ocr_line' id='line_1_66' title="bbox 315 2293 638 2333; baseline -0.009 -8"><span class='ocrx_word' id='word_1_376' title='bbox 315 2293 364 2333; x_wconf 82' lang='lat' dir='ltr'>Cf.</span> <span class='ocrx_word' id='word_1_377' title='bbox 387 2294 477 2332; x_wconf 75' lang='lat' dir='ltr'>infra</span> <span class='ocrx_word' id='word_1_378' title='bbox 500 2304 549 2324; x_wconf 71' lang='lat' dir='ltr'>nr.</span> <span class='ocrx_word' id='word_1_379' title='bbox 568 2293 638 2323; x_wconf 88' lang='grc'><em>615.</em></span> 
     </span>
    </p>
   </div>
   <div class='ocr_carea' id='block_1_19' title="bbox 433 2232 1454 2272">
    <p class='ocr_par' dir='ltr' id='par_1_22' title="bbox 433 2232 1454 2272">
     <span class='ocr_line' id='line_1_67' title="bbox 433 2232 1454 2272; baseline -0.003 -8"><span class='ocrx_word' id='word_1_380' title='bbox 433 2234 475 2264; x_wconf 75' lang='lat' dir='ltr'>In</span> <span class='ocrx_word' id='word_1_381' title='bbox 499 2233 650 2264; x_wconf 73' lang='lat' dir='ltr'>Bo&#39;kmeri</span> <span class='ocrx_word' id='word_1_382' title='bbox 673 2232 813 2272; x_wconf 70' lang='lat' dir='ltr'>Reqestis</span> <span class='ocrx_word' id='word_1_383' title='bbox 836 2233 1020 2263; x_wconf 74' lang='lat' dir='ltr'>documenta</span> <span class='ocrx_word' id='word_1_384' title='bbox 1043 2235 1151 2262; x_wconf 74' lang='lat' dir='ltr'>nostra</span> <span class='ocrx_word' id='word_1_385' title='bbox 1175 2242 1237 2262; x_wconf 69' lang='lat' dir='ltr'>non</span> <span class='ocrx_word' id='word_1_386' title='bbox 1261 2232 1454 2262; x_wconf 67' lang='lat' dir='ltr'>indicantur.</span> 
     </span>
    </p>
   </div>
   <div class='ocr_carea' id='block_1_20' title="bbox 350 2395 1712 2443">
    <p class='ocr_par' dir='ltr' id='par_1_23' title="bbox 350 2395 1712 2443">
     <span class='ocr_line' id='line_1_68' title="bbox 350 2395 1712 2443; baseline -0.003 -9"><span class='ocrx_word' id='word_1_387' title='bbox 350 2399 433 2434; x_wconf 67' lang='lat'>602.</span> <span class='ocrx_word' id='word_1_388' title='bbox 476 2399 624 2433; x_wconf 72' lang='lat' dir='ltr'>Donatio</span> <span class='ocrx_word' id='word_1_389' title='bbox 652 2399 779 2433; x_wconf 74' lang='lat' dir='ltr'>iurimn</span> <span class='ocrx_word' id='word_1_390' title='bbox 802 2398 940 2443; x_wconf 69' lang='lat' dir='ltr'>imperii</span> <span class='ocrx_word' id='word_1_391' title='bbox 967 2398 1004 2431; x_wconf 70' lang='lat' dir='ltr'>in</span> <span class='ocrx_word' id='word_1_392' title='bbox 1031 2398 1174 2441; x_wconf 70' lang='lat' dir='ltr'>flumine</span> <span class='ocrx_word' id='word_1_393' title='bbox 1203 2396 1273 2431; x_wconf 71' lang='lat' dir='ltr'>Olii</span> <span class='ocrx_word' id='word_1_394' title='bbox 1303 2400 1331 2431; x_wconf 70' lang='lat' dir='ltr'>et</span> <span class='ocrx_word' id='word_1_395' title='bbox 1359 2397 1481 2431; x_wconf 68' lang='lat' dir='ltr'>castris</span> <span class='ocrx_word' id='word_1_396' title='bbox 1512 2395 1712 2431; x_wconf 69' lang='lat' dir='ltr'>Guastallae</span> 
     </span>
    </p>
   </div>
   <div class='ocr_carea' id='block_1_21' title="bbox 770 2458 1019 2493">
    <p class='ocr_par' dir='ltr' id='par_1_24' title="bbox 770 2458 1019 2493">
     <span class='ocr_line' id='line_1_69' title="bbox 770 2458 1019 2493; baseline -0.008 0"><span class='ocrx_word' id='word_1_397' title='bbox 770 2462 801 2493; x_wconf 72' lang='lat' dir='ltr'>et</span> <span class='ocrx_word' id='word_1_398' title='bbox 826 2458 1019 2492; x_wconf 63' lang='lat' dir='ltr'>Luaearac.</span> 
     </span>
    </p>
   </div>
   <div class='ocr_carea' id='block_1_22' title="bbox 1125 2457 1281 2491">
    <p class='ocr_par' dir='ltr' id='par_1_25' title="bbox 1125 2457 1281 2491">
     <span class='ocr_line' id='line_1_70' title="bbox 1125 2457 1281 2491; baseline -0.006 0"><span class='ocrx_word' id='word_1_399' title='bbox 1125 2457 1204 2491; x_wconf 70' lang='lat' dir='ltr'>Iun.</span> <span class='ocrx_word' id='word_1_400' title='bbox 1222 2458 1281 2490; x_wconf 75' lang='lat'>21.</span> 
     </span>
    </p>
   </div>
   <div class='ocr_carea' id='block_1_23' title="bbox 317 2527 1854 2572">
    <p class='ocr_par' dir='ltr' id='par_1_26' title="bbox 317 2527 1854 2572">
     <span class='ocr_line' id='line_1_71' title="bbox 317 2527 1854 2572; baseline -0.005 -9"><span class='ocrx_word' id='word_1_401' title='bbox 317 2531 476 2572; x_wconf 69' lang='lat' dir='ltr'>Oriyinale</span> <span class='ocrx_word' id='word_1_402' title='bbox 496 2533 525 2563; x_wconf 88' lang='lat' dir='ltr'>A</span> <span class='ocrx_word' id='word_1_403' title='bbox 557 2543 655 2563; x_wconf 77' lang='lat' dir='ltr'>manu</span> <span class='ocrx_word' id='word_1_404' title='bbox 682 2532 872 2563; x_wconf 70' lang='lat' dir='ltr'>Germanica</span> <span class='ocrx_word' id='word_1_405' title='bbox 903 2532 1055 2570; x_wconf 65' lang='lat' dir='ltr'>scriptum</span> <span class='ocrx_word' id='word_1_406' title='bbox 1089 2531 1124 2561; x_wconf 70' lang='lat' dir='ltr'>in</span> <span class='ocrx_word' id='word_1_407' title='bbox 1153 2530 1311 2561; x_wconf 68' lang='lat' dir='ltr'>tabulario</span> <span class='ocrx_word' id='word_1_408' title='bbox 1340 2530 1477 2560; x_wconf 72' lang='lat' dir='ltr'>civitatis</span> <span class='ocrx_word' id='word_1_409' title='bbox 1503 2529 1716 2560; x_wconf 68' lang='lat' dir='ltr'>Cremonensis</span> <span class='ocrx_word' id='word_1_410' title='bbox 1750 2527 1854 2566; x_wconf 53' lang='lat' dir='ltr'>‘caps</span> 
     </span>
    </p>
   </div>
   <div class='ocr_carea' id='block_1_24' title="bbox 209 2582 1140 2674">
    <p class='ocr_par' dir='ltr' id='par_1_27' title="bbox 209 2582 1140 2674">
     <span class='ocr_line' id='line_1_72' title="bbox 209 2582 1035 2623; baseline -0.002 -9"><span class='ocrx_word' id='word_1_411' title='bbox 209 2583 348 2616; x_wconf 73' lang='lat' dir='ltr'>Cremon.</span> <span class='ocrx_word' id='word_1_412' title='bbox 372 2593 421 2614; x_wconf 73' lang='lat' dir='ltr'>nr.</span> <span class='ocrx_word' id='word_1_413' title='bbox 438 2584 518 2614; x_wconf 79' lang='lat'><em>799’</em></span> <span class='ocrx_word' id='word_1_414' title='bbox 540 2585 710 2623; x_wconf 62' lang='lat' dir='ltr'>signatum.</span> <span class='ocrx_word' id='word_1_415' title='bbox 753 2582 948 2614; x_wconf 72' lang='lat' dir='ltr'>contulimus</span> <span class='ocrx_word' id='word_1_416' title='bbox 970 2592 1035 2613; x_wconf 73' lang='lat' dir='ltr'>nos.</span> 
     </span>
     <span class='ocr_line' id='line_1_73' title="bbox 608 2632 1140 2674; baseline -0.004 -8"><span class='ocrx_word' id='word_1_417' title='bbox 608 2635 651 2666; x_wconf 74' lang='lat' dir='ltr'>In</span> <span class='ocrx_word' id='word_1_418' title='bbox 674 2635 764 2665; x_wconf 81' lang='lat' dir='ltr'>dorso</span> <span class='ocrx_word' id='word_1_419' title='bbox 787 2634 916 2674; x_wconf 70' lang='lat' dir='ltr'>Zeyz&#39;tzcr:</span> <span class='ocrx_word' id='word_1_420' title='bbox 941 2632 1140 2674; x_wconf 80' lang='lat' dir='ltr'>duplicat(a).</span> 
     </span>
    </p>
   </div>
   <div class='ocr_carea' id='block_1_25' title="bbox 201 2635 561 2672">
    <p class='ocr_par' dir='ltr' id='par_1_28' title="bbox 201 2635 561 2672">
     <span class='ocr_line' id='line_1_74' title="bbox 201 2635 561 2672; baseline 0.003 -8"><span class='ocrx_word' id='word_1_421' title='bbox 201 2635 414 2672; x_wconf 76' lang='lat' dir='ltr'>foraminibus</span> <span class='ocrx_word' id='word_1_422' title='bbox 437 2635 561 2666; x_wconf 76' lang='lat' dir='ltr'>relictis.</span> 
     </span>
    </p>
   </div>
   <div class='ocr_carea' id='block_1_26' title="bbox 308 2744 586 2837">
    <p class='ocr_par' dir='ltr' id='par_1_29' title="bbox 308 2744 586 2837">
     <span class='ocr_line' id='line_1_75' title="bbox 311 2744 538 2777; baseline 0.004 -7"><span class='ocrx_word' id='word_1_423' title='bbox 311 2744 380 2771; x_wconf 80' lang='lat' dir='ltr'>(i00.</span> <span class='ocrx_word' id='word_1_424' title='bbox 408 2746 431 2777; x_wconf 75' lang='lat' dir='ltr'>a)</span> <span class='ocrx_word' id='word_1_425' title='bbox 451 2747 486 2770; x_wconf 77' lang='lat' dir='ltr'>sic</span> <span class='ocrx_word' id='word_1_426' title='bbox 506 2747 538 2771; x_wconf 81' lang='grc' dir='ltr'>Α,</span> 
     </span>
     <span class='ocr_line' id='line_1_76' title="bbox 308 2804 586 2837; baseline 0.004 -8"><span class='ocrx_word' id='word_1_427' title='bbox 308 2804 373 2831; x_wconf 82' lang='grc'><strong>601.</strong></span> <span class='ocrx_word' id='word_1_428' title='bbox 401 2805 425 2837; x_wconf 84' lang='lat' dir='ltr'>b)</span> <span class='ocrx_word' id='word_1_429' title='bbox 445 2806 535 2831; x_wconf 70' lang='lat' dir='ltr'>ezeidit</span> <span class='ocrx_word' id='word_1_430' title='bbox 553 2806 586 2830; x_wconf 89' lang='lat' dir='ltr'>B.</span> 
     </span>
    </p>
   </div>
   <div class='ocr_carea' id='block_1_27' title="bbox 1081 2578 1854 2621">
    <p class='ocr_par' dir='ltr' id='par_1_30' title="bbox 1081 2578 1854 2621">
     <span class='ocr_line' id='line_1_77' title="bbox 1081 2578 1854 2621; baseline -0.006 -9"><span class='ocrx_word' id='word_1_431' title='bbox 1081 2581 1236 2621; x_wconf 49' lang='lat' dir='ltr'>Siqillum,</span> <span class='ocrx_word' id='word_1_432' title='bbox 1259 2581 1342 2620; x_wconf 78' lang='lat' dir='ltr'>quod</span> <span class='ocrx_word' id='word_1_433' title='bbox 1364 2580 1428 2619; x_wconf 26' lang='lat' dir='ltr'>filiis</span> <span class='ocrx_word' id='word_1_434' title='bbox 1450 2581 1558 2611; x_wconf 74' lang='lat' dir='ltr'>sericis</span> <span class='ocrx_word' id='word_1_435' title='bbox 1575 2579 1737 2618; x_wconf 70' lang='lat' dir='ltr'>pendebat,</span> <span class='ocrx_word' id='word_1_436' title='bbox 1761 2578 1854 2613; x_wconf 75' lang='lat' dir='ltr'>deest,</span> 
     </span>
    </p>
   </div>
   <div class='ocr_carea' id='block_1_28' title="bbox 674 2805 1188 2837">
    <p class='ocr_par' dir='ltr' id='par_1_31' title="bbox 674 2805 1188 2837">
     <span class='ocr_line' id='line_1_78' title="bbox 674 2805 1188 2837; baseline -0.002 -7"><span class='ocrx_word' id='word_1_437' title='bbox 674 2806 696 2837; x_wconf 81' lang='lat'>0)</span> <span class='ocrx_word' id='word_1_438' title='bbox 716 2806 807 2830; x_wconf 80' lang='lat' dir='ltr'>abhinc</span> <span class='ocrx_word' id='word_1_439' title='bbox 826 2814 918 2830; x_wconf 70' lang='lat' dir='ltr'>manus</span> <span class='ocrx_word' id='word_1_440' title='bbox 936 2805 1088 2830; x_wconf 71' lang='lat' dir='ltr'>cancellarii</span> <span class='ocrx_word' id='word_1_441' title='bbox 1106 2806 1133 2830; x_wconf 74' lang='lat' dir='ltr'>in</span> <span class='ocrx_word' id='word_1_442' title='bbox 1151 2814 1188 2829; x_wconf 88' lang='lat' dir='ltr'>or.</span> 
     </span>
    </p>
   </div>
  </div>
 </body>
</html>
