2205 3025
403 114 499 140 ACTA
520 114 632 141 REGNI
652 115 834 141 LUDEWICI
855 115 899 141 IV.
920 115 965 141 ET
985 115 1165 142 FRIDERICI
1186 117 1234 142 ΙΙΙ.
1273 117 1346 144 1329.
1383 117 1430 143 Nr.
1443 118 1502 144 552.
1521 118 1579 144 5523.
1599 118 1656 144 554.
1793 122 1854 150 459

205 200 365 230 communi
388 204 496 230 nostro
520 211 648 240 semper
671 211 767 241 quam
791 202 905 231 melius
928 203 1074 242 poteritis
1098 203 1255 234 faciendo.
1301 203 1341 233 Et
1365 204 1451 244 quod
1475 205 1633 235 inseratur
1656 206 1757 245 pactis
1781 215 1853 246 pre-

205 251 307 289 dictis,
333 250 417 291 quod
441 251 471 281 in
496 251 587 281 (lictis
604 251 675 281 Kal.
693 252 813 292 Aprilis
836 252 877 282 ad
901 253 1020 283 tardius
1037 254 1087 284 vel
1111 255 1211 289 citius,
1236 255 1261 284 si
1278 255 1369 285 citius
1394 255 1461 285 fieri
1479 260 1594 296 potest.
1619 256 1708 286 tallia
1725 257 1764 286 sit
1781 267 1852 297 per-

204 302 289 332 fecta
313 305 345 332 et
369 311 479 332 omnes
496 302 613 332 milites
636 302 824 339 habeantur,
850 314 911 333 non
935 305 1113 344 expectatis
1134 306 1287 336 militibus
1304 307 1353 337 vcl
1375 307 1636 347 responsionibus
1654 307 1854 338 dominorum

204 363 288 394 pape
313 363 350 384 ae
374 354 458 394 regis
474 353 691 394 predictorum
715 354 755 384 ad
780 354 850 394 hoc.
875 360 909 385 ut
925 355 1051 386 Bavaro
1076 356 1281 396 procedente,
1310 368 1404 397 quem
1430 358 1471 388 ad
1488 368 1673 398 processum
1691 359 1855 399 preparari

177 418 188 435 5
206 405 369 441 sentimus.
393 408 428 434 ut
451 405 598 435 convenit
622 405 795 435 resistatur.
848 406 889 435 Et
918 407 947 436 in
977 407 1037 437 hoc
1067 407 1151 447 quod
1182 408 1249 438 sine
1281 408 1433 439 dilatione
1464 410 1571 450 aliqua
1594 410 1774 440 habeantur
1797 421 1854 450 per

204 456 385 486 communia
408 455 496 486 tallie
520 455 638 486 milites
663 456 809 491 ordinati.
834 467 930 497 super
954 462 1066 488 cuncta
1083 458 1204 490 solicite
1229 459 1380 490 insistatis
1405 464 1437 491 et
1460 461 1530 491 loco
1556 464 1587 491 et
1604 464 1758 502 tempore.
1784 462 1853 502 qui-

204 507 263 537 bus
286 506 435 537 videbitis
460 507 643 545 convenire.
673 507 735 537 alia
759 508 848 538 vobis
872 509 1020 550 imposita
1050 512 1232 550 procuretis.
1286 511 1326 541 Et
1355 513 1454 552 petita
1486 513 1575 542 vobis
1604 514 1671 543 sine
1702 513 1853 543 dilatione

203 559 358 589 mittimus
382 562 454 599 post
478 561 654 599 presentes,

311 618 397 649 Data
420 618 593 652 Florentio.
620 617 670 648 dio
696 618 801 649 XXV.
819 619 924 656 Febr..
949 620 1024 650 XII.
1043 621 1106 651 ind.

161 804 185 824 10
552 791 636 827 553.
679 791 834 826 Litterae
863 793 909 826 ad
937 794 1064 827 easdem
1095 794 1232 828 alm-ae.
1339 795 1450 830 Mart.
1473 797 1505 830 1.

313 874 409 913 Copia
434 875 487 913 resti
515 874 625 905 ibidem
650 874 669 904 I.
687 885 711 904 e.
737 874 790 912 sol.
808 876 859 911 23,
884 875 938 905 ubl
962 875 1108 906 rubram:
1138 875 1189 906 Ad
1213 876 1439 906 ambaxatores
1464 878 1662 917 parlamenti.
1696 896 1734 901 —
1758 878 1855 910 Dedit

202 924 317 955 Ficker
340 925 395 956 Le.
414 936 448 964 p.
467 926 530 955 122²
552 936 600 958 nr.
617 926 680 956 :231
705 937 742 956 ec
766 938 791 956 c.
838 926 917 956 Item
941 928 1118 965 rqwtimns.

315 1023 338 1050 1.
374 1020 435 1051 Die
460 1021 484 1050 Ι.
503 1021 608 1051 Martii
626 1031 812 1061 responsum
830 1024 862 1051 ct
880 1022 1068 1062 rescriptum
1094 1026 1142 1052 est
1165 1023 1432 1054 ambaxatoribns
1449 1024 1638 1063 parlamenti
1664 1028 1695 1055 et
1720 1025 1853 1056 manda-

202 1074 278 1103 tum.
303 1071 389 1112 quod
413 1072 558 1102 insistant
582 1072 667 1113 quod
691 1073 781 1113 grani
806 1073 907 1113 petita
931 1074 1035 1113 gratia
1059 1073 1224 1104 habeatur.

159 1136 182 1153 ιε,
310 1125 338 1153 2.
374 1123 456 1154 Item
481 1123 566 1164 quod
590 1124 615 1154 si
640 1127 771 1164 possunt
795 1128 975 1164 procurent.
1000 1125 1083 1165 quod
1110 1125 1198 1155 tallia
1221 1126 1344 1155 initium
1369 1125 1487 1156 habeat
1511 1126 1540 1156 in
1559 1127 1712 1157 Kalendis
1729 1128 1848 1168 Aprilis

201 1174 348 1214 proxime
373 1174 485 1205 futuris
509 1178 541 1205 et
564 1175 589 1205 si
614 1175 673 1205 hoc
698 1175 835 1206 obtineri
860 1186 921 1206 non
940 1180 1057 1216 posset.
1083 1177 1283 1207 consentiant
1307 1177 1393 1217 quod
1418 1178 1539 1208 initium
1559 1178 1675 1208 habeat
1699 1180 1729 1208 in
1746 1179 1851 1210 medio

202 1225 277 1256 dieti
301 1227 418 1257 mensis
436 1227 562 1267 Aprilis.
610 1226 650 1257 Et
674 1228 698 1257 si
724 1227 763 1257 de
788 1228 876 1258 initio
902 1229 1055 1269 temporis
1079 1228 1161 1258 diete
1187 1228 1274 1259 tallie
1300 1239 1361 1258 non
1379 1228 1610 1259 concordarent
1627 1229 1853 1261 ambaxatores

203 1280 235 1308 et
266 1278 428 1318 sapientes
456 1278 646 1319 parlamenti
678 1279 772 1309 niodo
804 1279 965 1320 predicto.
996 1281 1199 1310 eonsentiant
1228 1279 1373 1319 demun]7
1404 1280 1489 1321 quod
1517 1281 1584 1320 ipsa
1614 1281 1702 1311 tallia
1729 1282 1852 1311 initium

201 1329 322 1360 habeat
349 1330 380 1360 in
407 1330 564 1361 Kalendis
592 1331 668 1361 Maii
696 1331 842 1371 proxime
874 1332 1050 1362 accessuris
1078 1331 1119 1361 ad
1153 1331 1282 1362 tardius.
1330 1331 1371 1362 Et
1394 1331 1480 1372 quod
1504 1332 1740 1366 nichilominus.
1765 1332 1849 1373 quod

158 1392 183 1411 20
202 1381 288 1421 prius
311 1381 427 1412 iniatur
453 1382 651 1423 temporibus
680 1383 862 1423 antedictis,
893 1384 977 1413 oinni
1007 1383 1111 1413 studio
1141 1384 1328 1423 procuretis.
1380 1382 1420 1413 Et
1449 1383 1535 1424 quod
1567 1384 1654 1413 tallia
1679 1383 1770 1415 duret
1793 1395 1853 1425 per

203 1442 330 1469 anuum.
356 1435 496 1465 contenti
521 1444 638 1464 sumus.

309 1486 336 1515 3.
372 1485 454 1515 Item
479 1487 619 1516 contenti
644 1497 762 1521 sumus,
788 1485 873 1527 quod
898 1486 1083 1526 capitaneus
1108 1486 1190 1516 dicte
1221 1486 1308 1517 tallie
1335 1486 1472 1526 eligatur
1506 1496 1563 1526 per
1591 1497 1747 1516 summum
1774 1498 1851 1527 pon-

200 1535 317 1566 tifieem
342 1540 374 1567 et
397 1537 461 1567 suis
485 1538 635 1577 expensis
659 1539 802 1568 mittatur
825 1538 854 1567 in
880 1538 1021 1567 Ytaliam
1047 1537 1086 1567 ad
1112 1537 1233 1568 talliam
1258 1538 1507 1578 suprascriptam
1534 1542 1566 1567 et
1590 1538 1673 1578 quod
1700 1538 1771 1568 talis
1796 1539 1852 1568 cli-

201 1591 303 1628 gatur.
329 1588 368 1619 de
393 1589 480 1619 euius
504 1590 691 1619 strenuitate
717 1590 898 1619 eommunia
923 1590 1082 1619 venientia
1106 1590 1136 1619 in
1162 1589 1246 1619 dicta
1269 1589 1358 1619 tallia
1384 1590 1503 1630 possint
1528 1590 1642 1619 merito
1667 1590 1852 1620 contentari.

157 1651 181 1669 25
201 1638 242 1669 Et
266 1639 451 1670 mandatum
476 1645 524 1671 est
548 1641 593 1670 eis
618 1641 703 1681 quod
728 1641 873 1671 insistant
901 1641 1039 1679 solii-ito,
1073 1640 1158 1681 qnod
1182 1641 1213 1670 in
1237 1641 1305 1681 ipsa
1330 1641 1417 1670 tallia
1440 1640 1597 1670 firmanda
1622 1642 1742 1679 veniat.
1767 1642 1851 1682 quod

200 1690 304 1721 nullus
328 1692 381 1732 qui
406 1691 501 1722 fuerit
524 1691 728 1722 Florentinus
756 1703 775 1722 a
798 1695 935 1733 quatuor
959 1693 1049 1722 annis
1072 1693 1218 1732 proxime
1244 1692 1404 1732 preteritis
1435 1692 1514 1721 citra
1543 1692 1583 1722 ad
1615 1692 1733 1722 dietum
1764 1694 1851 1733 capi-

202 1745 348 1773 taneatns
373 1742 460 1773 tallie
486 1743 620 1774 offitium
644 1744 743 1784 possit
768 1743 842 1783 eligi
868 1744 916 1774 vel
941 1744 1103 1773 assummi.

310 1797 338 1824 4.
378 1794 456 1825 [tem
486 1794 571 1835 qnod
596 1798 818 1826 eontentamur
845 1794 940 1836 quod,
966 1794 1156 1835 repressalie
1186 1794 1420 1834 suspemlantur
1448 1794 1530 1824 inter
1559 1794 1643 1824 dicta
1672 1795 1852 1825 eommunia

203 1856 354 1876 concesse
381 1850 411 1877 et
436 1846 643 1887 concedende
669 1846 802 1877 durante
828 1846 912 1876 dieta
937 1847 1034 1877 tallia.

156 2041 181 2060 30
453 2019 536 2054 554.
574 2020 731 2054 Litterae
760 2020 805 2053 ad
833 2019 1017 2054 vawrtnm
1045 2031 1153 2063 rossem
1180 2019 1330 2054 Siciliae.
1462 2018 1571 2052 DIarf.
1595 2020 1627 2052 5.

309 2101 406 2140 Copia
424 2103 476 2141 ic.)
502 2101 611 2132 ibidem
634 2101 652 2132 l.
667 2113 692 2132 c.
709 2101 826 2139 soL24,
850 2101 905 2131 ube·
928 2102 1073 2132 rubrum:
1097 2102 1149 2132 Ad
1173 2102 1296 2142 regiam
1321 2101 1534 2131 maiestatem.
1562 2120 1598 2122 —
1626 2100 1722 2131 Dedit
1738 2100 1852 2130 Fielcer

199 2150 217 2182 l.
231 2162 255 2182 13.
276 2162 309 2191 p.
328 2152 390 2182 129
413 2163 460 2183 m:
475 2152 539 2183 232
561 2164 599 2183 ιιι·
622 2164 647 2184 c.
694 2153 774 2183 Item
798 2153 973 2191 repetimus.

307 2246 368 2277 Die
393 2246 431 2277 V.
450 2247 555 2278 Martii
579 2248 731 2288 scriptum
757 2251 804 2278 est
828 2247 956 2277 domino
986 2247 1053 2287 regi
1077 2246 1301 2287 respondendo
1331 2246 1371 2276 ad
1396 2246 1518 2276 litteras
1546 2247 1658 2276 missas
1682 2256 1739 2286 per
1763 2255 1844 2281 euin,

202 2297 232 2327 in
264 2298 377 2338 quibus
405 2299 540 2329 insertus
569 2302 638 2329 erat
665 2303 757 2329 tenor
784 2299 977 2335 litterarum.
1010 2308 1088 2339 quas
1117 2298 1265 2329 mittebat
1295 2297 1515 2328 eonnnunibus
1540 2297 1706 2332 anterrc.
1739 2296 1849 2326 Sancti

159 2361 182 2379 35
201 2348 380 2389 leminiani‚
405 2349 504 2381 Collis
528 2354 559 2381 et
583 2350 614 2380 S.
633 2350 757 2381 Miniati
781 2361 877 2391 super
901 2350 986 2380 facto
1011 2353 1146 2390 treugue
1170 2350 1254 2380 facte
1280 2360 1350 2380 cum
1375 2350 1501 2379 Bavaro
1527 2352 1558 2378 ct
1582 2347 1667 2388 quod
1692 2358 1710 2377 a
1736 2350 1848 2387 tregua

201 2400 345 2440 predicta
368 2401 498 2432 inienda
522 2401 685 2432 desistant.
731 2401 773 2431 Et
797 2402 898 2432 relate
923 2408 995 2431 sunt
1019 2401 1047 2431 ei
1071 2402 1173 2441 gratie
1199 2400 1238 2431 de
1263 2401 1396 2440 scriptis.
1443 2400 1484 2430 Et
1501 2399 1712 2440 supplicatum
1738 2401 1785 2427 est
1809 2398 1848 2435 ci,

203 2451 288 2492 quod
317 2452 519 2483 considerata
546 2453 649 2484 vicina
681 2454 825 2494 potentia
849 2453 964 2483 Bavari
994 2452 1142 2493 dignetur
1171 2452 1262 2482 nobis
1294 2451 1333 2481 de
1366 2452 1488 2492 potenti
1522 2461 1578 2480 sno
1609 2449 1744 2480 exfortio
1773 2459 1846 2488 pro-

201 2503 310 2534 videre
335 2504 459 2535 festine.
506 2504 547 2535 Et
571 2505 656 2546 quod
680 2506 760 2535 sient
784 2505 863 2535 alias
888 2505 916 2534 ei
941 2504 1138 2544 scripsimus.
1164 2503 1313 2544 dignetur
1336 2503 1383 2532 VI
1407 2506 1462 2532 aut
1489 2502 1553 2531 IIII
1577 2500 1685 2541 galeas
1710 2502 1848 2529 armatas

201 2554 240 2584 ad
266 2559 373 2595 partes
397 2560 506 2596 portus
523 2556 631 2587 Pisani
656 2559 687 2587 et
710 2556 790 2587 alias
814 2556 997 2586 adiacentes
1020 2555 1147 2585 mittere
1172 2555 1238 2586 sine
1262 2565 1352 2585 mora
1377 2557 1445 2584 etc.
1470 2557 1509 2582 ut
1532 2562 1643 2592 supra
1667 2550 1808 2589 scriptu
1818 2559 1846 2578 in

158 2617 182 2635 40
202 2605 276 2636 sibi
300 2607 405 2637 fuitl.
451 2607 492 2638 Et
515 2607 600 2648 quod
624 2608 692 2648 ipsa
716 2608 897 2638 eommunia
921 2617 982 2637 non
1006 2607 1168 2647 potuimus
1191 2617 1210 2636 a
1234 2606 1385 2646 predictis
1410 2604 1592 2644 aliqualiter
1617 2611 1788 2631 removere.

306 2724 331 2756 l>
354 2723 394 2755 Cf.
413 2732 496 2757 snpra
512 2733 573 2757 Pstil-
587 2728 635 2750 457
652 2724 699 2750 lm.
713 2728 801 2757 3⁶³*th

1867 265 1917 290 Alit.
1930 268 1947 286 l.

1864 1140 1914 1164 Apr.
1925 1142 1944 1159 1.

1868 1190 1917 1214 Apr.
1929 1192 1960 1210 15.

1865 1342 1914 1362 Mai.
1927 1346 1945 1363 l.
