2205 3025
321 126 381 153 554
767 118 860 144 ACTA
882 117 994 143 REGNI
1014 116 1263 143 Lunswicriv.
1302 115 1376 142 1330.
1413 114 1533 141 Nuces

320 208 458 248 regibus,
484 205 626 241 ducibus,
651 204 854 245 principibus,
879 202 1126 241 marchionibus,
1150 201 1330 241 comitibus,
1356 200 1539 240 baronibus,
1563 200 1733 239 nobilibus,
1748 200 1971 242 potestatibus,

321 258 505 298 capitaneis,
531 255 705 287 rectoribus
730 259 761 285 et
785 255 855 285 aliis
880 254 1015 284 dominis
1032 253 1262 293 temporalibus
1286 253 1420 293 aliisque
1445 252 1590 293 personis
1613 252 1825 293 singularibus
1842 253 1972 293 quibus-

322 319 456 349 cumque
482 318 518 338 ac
543 306 834 340 communitatibus,
858 304 1126 341 universitatibus,
1152 304 1343 343 civitatibus,
1368 304 1489 341 castris,
1514 303 1627 344 opidis,
1652 304 1733 334 villis
1757 306 1789 334 et
1812 303 1890 334 locis
1913 303 1971 333 sub

322 357 660 389 excommunicationis
684 357 712 386 in
738 366 892 396 personas
915 355 1093 396 singulares
1118 358 1149 385 et
1173 354 1332 385 interdicti
1356 355 1386 384 in
1411 358 1525 393 terras,
1551 355 1709 394 civitates,
1741 357 1854 391 castra,
1879 354 1974 395 opida

323 418 353 441 ct
377 410 447 439 loca
471 410 610 450 ipsorum
635 419 671 438 ac
687 408 920 446 universitates,
946 407 1191 437 communitates
1216 410 1248 437 et
1271 406 1407 446 collegia
1431 416 1553 436 necnon
1570 406 1755 446 privationis
1773 405 1974 446 dignitatum,

322 463 563 501 personatuum.
598 459 770 489 offitiorum
799 462 831 489 et
854 458 1082 489 beneficiorum
1114 458 1404 488 ecclesiasticorum
1435 457 1592 487 dictorum
1616 457 1812 498 prelatorum
1841 461 1873 488 ct
1901 467 1974 497 per-

322 522 470 542 sonarum
501 511 790 541 ecclesiasticarum
820 520 857 540 ac
885 513 949 540 tam
977 509 1103 540 illorum
1134 519 1229 550 quam
1261 509 1396 540 aliorum
1426 518 1698 550 quorumcumque
1735 508 1974 550 privilegiorum

322 563 569 603 apostolicorum
587 565 619 592 et
636 561 859 602 imperialium,
884 560 1063 596 feudorum,
1089 561 1255 599 bonorum,
1280 560 1436 591 honorum
1455 563 1486 591 et
1503 559 1690 598 officiorum,
1715 570 1776 601 que
1794 570 1812 589 a
1828 559 1976 590 Romana

322 614 371 645 vel
396 613 465 644 aliis
490 613 633 644 eeclesiis
657 623 712 643 seu
738 613 872 653 imperio
897 613 1051 650 obtinent,
1075 622 1112 642 ac
1128 612 1313 643 libertatum
1339 615 1371 642 et
1394 612 1630 642 immunitatum
1647 610 1862 652 quarumlibet
1885 611 1975 652 penis

323 665 499 696 inhibemus
523 665 693 695 districtius
718 668 750 694 et
773 663 971 701 mandamuS,
997 674 1034 694 ne
1056 664 1226 694 vicariatus
1243 663 1294 694 vel
1319 663 1543 704 quodcumque
1567 662 1653 693 aliud
1678 663 1817 694 officium
1841 662 1892 693 vel
1917 662 1973 692 ad-

321 717 585 746 ministrationem
611 715 806 750 huiusmodi,
832 725 1033 755 quocumque
1058 715 1185 745 nomine
1210 717 1422 755 nuncupetur,
1448 715 1604 754 recipiant
1633 713 1673 744 ab
1698 714 1813 744 eodem
1837 714 1888 744 vel
1912 714 1974 744 alio

321 778 376 797 seu
401 768 471 798 aliis
496 767 562 797 cius
586 767 791 802 auctoritate,
822 766 948 796 nomine
973 766 1023 796 vel
1048 765 1208 796 mandato.
1261 766 1302 796 Et
1331 766 1356 796 si
1386 766 1491 796 forsan
1522 765 1662 796 officium
1693 765 1743 796 vel
1773 765 1974 795 administra-

321 820 438 849 tionem
457 818 638 849 huiusmodi
655 818 845 858 receperint,
869 818 977 848 statim
994 817 1072 848 illud
1091 818 1140 848 vel
1165 818 1262 856 illam,
1288 820 1456 858 postquam
1474 827 1605 857 presens
1622 827 1789 857 processus
1806 816 1847 846 ad
1864 826 1974 846 eorum

321 871 471 901 noticiam
503 870 686 910 pervenerit
717 869 767 899 vel
799 880 856 909 per
888 879 943 899 eos
972 869 1109 907 steterit,
1141 869 1309 910 quominus
1338 869 1505 909 pervenire
1533 869 1687 909 potuerit,
1718 868 1879 898 dimittere
1912 878 1975 898 non

321 925 513 963 postponant
543 921 620 952 illud
652 920 701 951 vel
732 921 817 951 illam
847 921 1027 951 nullatenus
1055 921 1188 950 ulterius
1217 921 1410 960 resumpturi
1439 930 1519 950 neve
1548 920 1674 960 prefato
1699 919 1890 959 L(udovico)
1920 922 1975 949 aut

322 973 543 1014 complicibus,
575 972 766 1011 fautoribus,
799 973 939 1009 vicariis,
968 972 1119 1002 ministris
1142 972 1192 1002 vel
1221 971 1411 1002 officialibus
1435 971 1593 1007 eiusdem,
1623 981 1826 1012 quocumque
1854 981 1974 1001 nuncu-

322 1028 437 1065 pentur
460 1025 602 1063 nomine,
631 1027 765 1064 pareant
789 1025 819 1053 in
844 1023 950 1064 aliquo
975 1024 1025 1054 vel
1050 1023 1217 1054 intendant
1240 1033 1299 1053 nec
1324 1034 1379 1053 eos
1403 1022 1454 1053 vel
1482 1023 1621 1064 aliquem
1650 1023 1791 1064 ipsorum
1820 1023 1976 1063 recipiant

322 1077 372 1106 vel
397 1076 567 1106 admittant
595 1079 649 1105 aut
678 1075 717 1106 de
746 1075 866 1105 iuribus
895 1079 926 1105 et
950 1075 1157 1115 proventibus
1182 1075 1436 1115 quibuscumque
1465 1074 1505 1104 ad
1534 1085 1668 1115 regnum
1692 1074 1900 1112 Romantum)
1925 1074 1975 1104 vel

322 1128 490 1167 imperium
515 1126 732 1167 spectantibus
757 1126 951 1167 respondere
977 1126 1026 1156 vel
1051 1126 1130 1156 alias
1154 1127 1200 1157 eis
1223 1125 1409 1166 impendere
1434 1126 1598 1164 auxilium,
1623 1126 1787 1156 consilium
1813 1125 1862 1155 vel
1887 1125 1975 1156 favo-

322 1189 390 1209 rem
415 1178 534 1209 directe
558 1178 608 1208 vel
633 1177 797 1214 indirecte,
822 1177 949 1218 publice
974 1177 1024 1208 vel
1049 1178 1172 1208 occulte
1197 1180 1391 1218 presumant.
1438 1178 1590 1218 Alioquin
1618 1187 1771 1218 personas
1799 1177 1976 1218 singulares

322 1240 538 1270 quascumque
557 1229 789 1259 ecclesiasticas
808 1234 838 1259 ct
855 1229 1024 1262 seculares,
1051 1230 1276 1269 cuiuscumque
1294 1230 1356 1259 sint
1372 1229 1593 1269 preminentie,
1619 1228 1808 1259 conditionis
1826 1233 1858 1259 et
1873 1231 1975 1259 status

324 1281 530 1311 ecclesiastici
556 1281 604 1311 rel
634 1281 798 1319 mundani,
828 1281 1182 1319 excommunicationis‚
1213 1284 1314 1310 terras
1339 1291 1428 1317 vero,
1458 1281 1617 1318 civitates,
1649 1284 1767 1319 castra,
1799 1280 1919 1321 oppida
1943 1283 1975 1310 et

324 1332 394 1362 loca
419 1342 541 1362 necnon
564 1332 798 1364 universitates,
824 1332 1068 1362 communitates
1093 1335 1125 1362 ct
1149 1332 1294 1372 collegia,
1321 1342 1381 1372 que
1407 1335 1516 1362 contra
1540 1331 1761 1362 inhibitionem
1786 1335 1817 1362 et
1841 1331 1973 1362 manda-

326 1386 391 1413 tum
416 1387 557 1413 nostrum
582 1383 763 1413 huiusmodi
787 1383 906 1423 aliquid
931 1383 1036 1413 facere
1062 1383 1111 1413 vel
1141 1386 1334 1423 attemptare
1366 1386 1487 1413 temere
1517 1384 1783 1424 presumpserint,
1813 1383 1975 1413 interdicti

325 1435 512 1465 sententias.
545 1444 623 1475 quas
652 1444 775 1464 exnunc
800 1434 1003 1475 proferimus,
1035 1444 1158 1465 necnon
1183 1445 1335 1474 personas
1360 1435 1592 1465 ecclesiasticas
1616 1437 1723 1474 preter
1748 1434 1973 1474 pati·ia1‘clias³,

326 1485 581 1526 archiepiscopos
617 1488 648 1516 et
683 1487 852 1527 episcopos
886 1486 1071 1526 privationis
1105 1487 1243 1516 onmium
1276 1486 1480 1526 dignitatum,
1517 1489 1742 1526 personatuum
1774 1488 1806 1515 et
1838 1486 1973 1515 aliorum

326 1537 551 1568 beneficiorum
578 1548 705 1567 suorum
732 1538 1020 1568 ecclesiasticorum
1046 1548 1115 1568 cum
1141 1548 1215 1567 cura
1239 1537 1289 1568 vel
1313 1538 1379 1568 sine
1405 1548 1479 1568 cura
1510 1541 1542 1568 et
1571 1536 1833 1567 inhabilitationis
1857 1546 1974 1576 penam

325 1589 366 1619 ad
391 1599 428 1619 ea
453 1592 484 1619 ct
508 1589 623 1619 similia
646 1589 855 1628 imposterum
881 1589 1054 1619 obtinenda
1082 1590 1244 1619 incurrere
1269 1589 1413 1619 volumus
1441 1589 1508 1629 ipso
1538 1589 1632 1619 facto.
1686 1587 1737 1618 Ad
1763 1588 1975 1627 privationem

326 1640 515 1681 dignitatum
547 1644 577 1670 et
605 1640 837 1680 prelaturarum
863 1640 1018 1670 dictorum
1049 1640 1316 1681 patriarcharum,
1346 1641 1657 1680 archiepiscoporum
1690 1643 1721 1670 et
1751 1639 1975 1679 episcoporum

326 1702 362 1722 ac
392 1691 679 1722 inhabilitationem
708 1691 748 1721 ad
780 1702 818 1721 ea
848 1695 880 1722 et
914 1692 1026 1722 similia
1065 1692 1238 1722 obtinenda
1273 1702 1394 1722 necnon
1426 1691 1664 1733 privilegiorum
1701 1701 1974 1732 quorumcumque

327 1742 572 1783 apostolicorum
605 1746 636 1772 et
665 1743 877 1782 imperialium
910 1753 945 1772 110
974 1743 1159 1781 feudorum,
1192 1742 1346 1773 bonorum
1376 1747 1407 1773 et
1431 1743 1587 1773 honorum
1616 1753 1653 1773 ac
1683 1742 1881 1777 libertatum,
1913 1752 1975 1782 que

313 1795 384 1835 ,ipsi
402 1795 450 1824 vel
469 1794 660 1834 quicumque
686 1794 739 1824 alii
764 1794 869 1824 cleriei
887 1795 936 1824 vel
961 1794 1031 1824 laici
1058 1805 1075 1824 a
1092 1794 1238 1824 Romana
1256 1795 1305 1825 vel
1325 1794 1486 1835 quibusvis
1510 1795 1579 1824 aliis
1598 1795 1740 1825 ecclesiis
1764 1804 1819 1824 seu
1844 1794 1977 1834 imperio

326 1845 568 1885 quomodolilmt
592 1845 745 1885 obtinent,
772 1856 807 1876 ac
832 1845 1015 1876 libertatum
1041 1850 1073 1876 et
1093 1846 1327 1876 immunitatum
1347 1850 1411 1876 tam
1429 1850 1538 1876 eontra
1555 1847 1641 1887 ipsos
1659 1856 1755 1886 quam
1779 1845 1858 1875 alias
1883 1855 1976 1885 quas-

326 1907 460 1937 cumque
486 1907 638 1937 personas
663 1897 896 1927 0001051115110115
921 1901 952 1927 et
976 1897 1146 1930 seculares,
1172 1898 1398 1938 cuiuscumque
1424 1901 1524 1928 status
1541 1898 1591 1928 vel
1616 1897 1804 1928 conditionis
1829 1896 1976 1933 existant,

327 1959 362 1978 ac
388 1949 465 1978 alias
490 1948 670 1988 spirituales
695 1952 726 1977 et
751 1948 943 1988 temporales
973 1959 1072 1988 penas
1101 1952 1133 1978 et
1163 1949 1350 1988 sententias,
1383 1949 1421 1979 de
1456 1948 1572 1989 quibus
1602 1948 1694 1978 nobis
1722 1947 1896 1981 videbitur,
1930 1947 1976 1977 in-

326 1999 481 2039 fligendas
505 2010 561 2029 scu
586 2000 718 2029 inflictas
744 1999 953 2029 declarandas
978 2001 1066 2030 iuxta
1091 2000 1257 2038 delictum,
1289 2001 1518 2031 contumatiam
1550 2003 1582 2030 et
1606 2010 1772 2030 excessum
1797 1998 1976 2038 cuiuslibet,

327 2051 524 2091 5111111111110.
550 2052 695 2091 quotiens
720 2054 910 2091 oportunum
929 2053 1181 2092 cogntwerimus,
1206 2053 1418 2083 communiter
1441 2053 1490 2082 vel
1517 2051 1640 2082 divisim
1665 2051 1785 2091 absque
1803 2051 1977 2082 monitione

329 2106 359 2131 et
388 2102 537 2131 citatione
568 2102 630 2132 alia
658 2113 714 2131 nos
744 2112 949 2142 processuros
978 2104 1119 2143 apertius
1152 2103 1364 2143 predicentes.
1421 2103 1492 2134 Non
1525 2103 1725 2134 obstantibus
1751 2102 1916 2132 fidelitatis
1945 2104 1977 2132 et

329 2152 489 2193 quibusvis
513 2153 582 2183 aliis
607 2154 801 2190 iuramentis,
827 2164 883 2193 per
907 2164 968 2194 que
993 2155 1051 2194 ipsi
1075 2155 1135 2184 vel¹
1150 2165 1259 2185 eorum
1278 2155 1375 2195 aliqui
1401 2155 1485 2186 dicto
1503 2154 1667 2185 Ludovico
1685 2164 1718 2184 se
1737 2153 1978 2194 quomodolibet

328 2205 534 2235 asti-ixisscnt.
564 2215 600 2234 ac
625 2204 947 2238 eonfederationibus,
972 2205 1186 2245 pactionibus,
1216 2206 1423 2236 societatibus
1448 2210 1479 2236 et
1503 2205 1574 2246 ligis
1599 2216 1669 2236 cum
1694 2205 1807 2235 eodem
1833 2215 1888 2235 seu
1913 2204 1975 2234 alio

329 2255 378 2285 vel
404 2255 473 2285 aliis
496 2255 623 2285 nomine
648 2256 770 2285 suove]
796 2255 948 2286 mandato
974 2267 1030 2296 per
1055 2267 1271 2297 quascumque
1298 2267 1451 2297 personas
1476 2257 1653 2298 singulares
1678 2256 1910 2286 ecclesiasticas
1927 2255 1977 2286 vel

330 2306 489 2337 seculares
514 2310 567 2336 11111
593 2307 836 2337 0011111111111111105
861 2317 915 2337 seu
940 2309 1173 2343 universitates,
1199 2310 1335 2351 collegia
1359 2310 1529 2340 contractis
1553 2319 1609 2339 seu
1633 2308 1726 2345 initis,
1751 2307 1808 2337 sub
1827 2317 1977 2347 quaeum-

330 2368 390 2398 que
416 2357 518 2387 forma
542 2368 596 2387 ¹seu
623 2359 828 2397 expressione
854 2359 1037 2390 verborum.
1069 2361 1192 2390 etiamsi
1218 2371 1371 2401 penarum
1395 2360 1625 2391 adiectionibus
1650 2359 1977 2389 aut·iuramentorum

331 2408 587 2449 prestationibus,
614 2409 662 2438 w]
689 2419 889 2449 ‹pias-umque
915 2410 976 2440 alia
1001 2411 1149 2441 firmitate
1175 2412 1291 2442 vallate
1317 2412 1458 2449 fuissent,
1484 2415 1594 2452 utpote
1618 2411 1649 2440 in
1666 2409 1728 2440 Dei
1752 2409 1977 2440 contumeliam

331 2464 439 2490 contra
457 2460 573 2489 bonum
592 2460 677 2499 pacis
702 2472 736 2489 110
756 2461 784 2489 111
804 2460 1044 2500 derogationem
1063 2462 1190 2492 honoris
1208 2468 1239 2492 et
1256 2467 1356 2493 status
1373 2466 1481 2493 sancte
1500 2463 1609 2492 matris
1627 2461 1762 2492 ecclesie
1788 2464 1820 2490 et
1835 2459 1976 2500 1110111ᾶί-

331 2512 412 2541 0111111
438 2510 612 2551 1'ei1mblice
631 2511 871 2551 animarumque
896 2513 1069 2551 periculum
1089 2524 1157 2543 eum
1177 2514 1318 2544 heretico
1343 2518 1374 2544 et
1391 2514 1569 2544 scismatico
1587 2516 1683 2553 atque
1701 2512 1978 2542 excommunicato

331 2566 532 2603 presumptas
558 2566 688 2594 temere,
714 2573 774 2602 que
800 2563 905 2592 omnia
929 2573 985 2602 per
1010 2574 1174 2603 processus
1198 2568 1321 2595 nostros
1346 2565 1450 2604 1111105)
1469 2565 1564 2601 nulla,
1589 2574 1678 2595 cassa
1703 2567 1734 2594 et
1758 2563 1845 2593 irrita
1870 2563 1977 2592 decla-

331 2614 469 2644 ravimus
501 2616 532 2643 ct
566 2613 669 2643 adhuc
704 2614 799 2643 ctiam
831 2613 1029 2643 declaramus
1066 2619 1097 2645 et
1128 2620 1283 2656 quatenus
1318 2616 1357 2647 de
1394 2617 1476 2647 facto
1510 2618 1741 2656 processerunt,
1775 2614 1977 2649 cassavimus,

435 2724 498 2749 ⁴385.
528 2730 550 2747 “1
571 2745 595 2749 ,.
616 2725 676 2749 mm.
697 2735 716 2749 «J.

1996 672 2020 690 10

1995 929 2018 947 15

1995 1188 2021 1207 20

1993 1445 2018 1464 25

1995 1703 2019 1722 ³0

1996 1957 2020 1976 35

1996 2214 2022 2232 40

1995 2469 2021 2487 45
