2205 3025
611 170 707 197 ACTA
727 170 834 196 REGNI
854 169 1036 196 LUDEWICI
1057 169 1103 195 lv.
1142 168 1216 196 1330.
1253 168 1301 195 ΝΥ.
1315 169 1372 194 764.
1393 169 1449 195 7455.
1791 173 1849 202 651

310 255 430 287 Datum
459 257 489 287 in
518 257 646 287 civitate
677 255 832 297 Spirensi,
862 266 944 287 anno
972 256 1101 287 Domini
1128 255 1358 292 MCOCXXX,
1388 255 1462 286 VII.
1481 256 1646 288 Kalendas
1677 257 1774 297 Iunii,
1806 259 1852 288 in-

203 308 347 338 diccione
372 308 609 348 terciadecima,
634 309 723 349 regni
747 309 845 338 nostri
869 318 951 338 anno
975 307 1205 344 sextodecimo,
1229 308 1355 348 imperii
1379 318 1454 338 vero
1479 308 1588 338 tercio.

312 375 443 417 Signum
469 376 587 407 domini
614 376 756 407 Ludwici
780 377 883 417 quarti
906 376 969 407 Dei
993 377 1101 417 gracia
1124 375 1343 406 Romanorum
1367 376 1571 417 imperatoris
1594 378 1799 409 invictissimi.

310 435 379 476 Ego
408 436 611 467 Hei-mannus
641 436 680 467 (le
705 435 943 476 Liechtenberg
970 445 1060 466 sacre
1090 435 1265 476 imperialis
1295 435 1367 465 aule
1396 435 1605 465 cancellarius
1634 437 1703 467 vice
1733 436 1853 468 domini

173 499 183 516 s
204 486 222 527 [.
239 486 259 528 .]
285 487 516 527 archiepiscopi
540 487 717 528 Maguutini
742 488 823 517 sacri
846 487 971 527 imperii
995 497 1053 527 per
1070 486 1276 517 Germaniam
1301 486 1573 517 archicancellarii
1599 489 1780 529 recognovi.

159 849 184 867 10

159 1167 182 1185 15

137 1412 182 1444 '20

157 1682 180 1701 25

157 1939 182 1958 ³0

158 2194 182 2215 35

158 2455 183 2474 40

157 2746 182 2764 45

344 609 427 644 765.
469 610 641 645 Concessio
670 610 905 644 nundinarum
929 621 995 653 pro
1023 610 1160 644 civitate
1184 609 1433 645 Wornmtiensi.
1540 610 1631 645 Mai.
1660 614 1719 646 39.

310 683 504 714 Formarum
528 684 657 714 maioris
685 686 696 713 l
724 686 751 713 ct
775 683 910 714 minoris
934 685 951 713 2
977 684 1173 724 ‹mloyraplea
1204 684 1236 714 in
1265 683 1422 715 tabulario
1447 675 1582 715 civi‘tatis
1606 684 1853 717 ll'ormalicnsc‘s.

206 735 404 766 Contulimus
435 744 500 766 nos:
548 734 689 766 Pendeat
720 734 805 765 bulla
835 745 934 765 aurea
964 735 1154 773 ‹nctoyrapm'
1184 739 1190 765 1
1222 735 1287 773 filis
1316 737 1424 766 sni-icis
1451 736 1538 767 rubei
1569 736 1704 775 flavique
1734 737 1854 773 eoloris,

201 785 337 825 siyillecm
371 786 491 817 laesum
517 785 705 826 autoyraphc'
737 788 754 816 2
787 785 850 817 loro
880 786 1120 818 membranaceo.
1148 805 1189 809 —
1219 786 1280 817 Ed.
1306 787 1387 818 Boos
1417 787 1695 819 ‘Urkzcndcnbuch'
1718 788 1768 826 II,
1792 790 1855 819 168

203 848 251 869 nr.
268 838 332 867 239
355 848 393 869 esc
420 841 431 868 1
458 840 486 869 et
509 840 537 869 2.

309 897 454 935 Bolimcr,
478 897 553 937 Rey.
571 897 681 928 Ludw.
694 908 728 936 Ι).
749 898 788 927 70
813 908 860 928 nr.
884 898 972 927 1133.

313 957 360 995 Cf.
385 967 486 998 supra
509 967 557 988 ur.
577 959 646 988 7:321.

478 1043 595 1074 Forma
620 1043 729 1073 maior.
1325 1043 1443 1074 Forma
1471 1045 1579 1075 ηιῐιιον.

594 1106 618 1133 l.
1442 1106 1470 1134 2.

309 1154 541 1197 {Ludowieusst
559 1154 729 1196 quai·t11s¹'}{
752 1154 813 1185 Dei
838 1155 946 1195 gracia
963 1154 1184 1195 Romanorum
1208 1155 1383 1195 imperator
1406 1166 1535 1196 semper
1560 1160 1712 1196 augustus
1779 1168 1853 1198 pru-

203 1206 352 1237 dentibus
381 1207 456 1237 viris
487 1230 493 1236 .
518 1231 523 1237 .
552 1207 712 1247 magistris
745 1206 875 1244 civium,
913 1231 918 1236 .
945 1230 949 1236 .
981 1207 1163 1237 consulibus
1196 1217 1317 1237 necnon
1356 1207 1527 1237 universise
1562 1207 1683 1238 civibus
1718 1208 1854 1239 civitatis

202 1257 491 1297 wormaciensis),
516 1259 580 1288 suis
605 1261 637 1288 et
660 1258 785 1298 imperii
809 1257 957 1289 fidelibus
981 1258 1106 1289 dilectis
1194 1259 1334 1298 graciam
1360 1268 1449 1288 suam
1474 1263 1505 1289 et
1530 1269 1622 1289 omne
1647 1259 1775 1290 bonum.

311 1309 391 1340 Cum
427 1309 601 1350 imperialis
636 1309 857 1341 benivolencie
894 1311 1057 1351 proprium
1095 1311 1134 1341 sit
1172 1310 1371 1340 subditorum
1404 1310 1597 1351 investigare
1634 1311 1792 1341 comnoda
1823 1314 1855 1341 et

202 1361 339 1392 honores
363 1371 401 1392 ac
424 1360 599 1402 reipublice
617 1361 770 1402 expediat
794 1361 955 1392 subiectos
979 1361 1099 1392 habere
1124 1361 1302 1402 locupletes
1328 1368 1359 1392 et
1383 1361 1502 1395 felices,
1527 1361 1598 1391 hinc
1624 1362 1773 1402 estquod
1798 1373 1854 1392 nos

202 1413 334 1454 provida
367 1413 580 1444 meditacione
616 1417 787 1454 pensantes
819 1424 859 1444 ex
893 1413 1041 1444 nundinis
1073 1413 1240 1444 annalibus
1271 1414 1430 1454 jarmargt
1462 1414 1636 1454 vulgariter
1666 1414 1855 1454 nuncupatis

201 1464 333 1505 singulis
357 1464 446 1495 annis
469 1467 556 1495 certo
574 1467 719 1505 tempore
744 1465 775 1495 in
799 1465 926 1496 civitate
945 1465 1208 1506 NVorinaeien(si)
1235 1465 1380 1496 tenendis
1405 1468 1436 1495 ct
1453 1464 1609 1495 habendis
1626 1464 1716 1494 vobis
1740 1468 1772 1495 et
1795 1465 1855 1505 ipsi

202 1516 320 1547 civitati
344 1527 437 1557 posse
461 1516 656 1547 multiforme
680 1516 871 1547 conmodum
890 1516 1053 1555 obvenire,
1078 1521 1172 1557 prout
1196 1517 1297 1547 eciam
1323 1515 1533 1557 supplicatioUl
1552 1519 1659 1546 vestra
1683 1527 1779 1556 super
1795 1516 1855 1546 lioc

201 1568 292 1600 nobis
316 1567 461 1599 exhibita
485 1568 609 1608 plenius
633 1568 831 1603 continebat,
856 1568 918 1599 hoc
942 1569 1100 1609 imperiali
1126 1568 1230 1599 edicto
1256 1569 1286 1598 in
1312 1571 1503 1609 perpetuum
1530 1568 1663 1598 valituro
1689 1568 1856 1598 indicimus

201 1624 233 1651 et
257 1620 435 1659 statuimus,
459 1619 544 1660 quod
568 1620 599 1649 in
623 1620 751 1651 civita-te
768 1619 1002 1651 wormaciensi
1028 1619 1171 1660 predicta
1195 1620 1327 1660 singulis
1351 1619 1441 1649 annis
1465 1628 1523 1659 per
1540 1622 1677 1659 quatuor
1701 1619 1854 1650 ebdomo-

201 1671 257 1702 das
278 1671 521 1713 quartadecima
545 1671 596 1701 die
614 1672 760 1712 proxima
783 1675 856 1702 ante
874 1671 960 1702 diem
978 1671 1200 1709 Pentecostes,
1225 1671 1284 1701 hoc
1309 1674 1357 1701 est
1381 1671 1410 1700 in
1430 1670 1599 1700 Dominica
1624 1681 1685 1711 qua
1710 1674 1856 1701 cantatur

201 1723 324 1754 Vocem
354 1723 557 1754 iocunditatis
589 1734 717 1754 currere
750 1723 939 1763 incipientes
968 1723 1137 1764 generales
1164 1722 1304 1753 nundine
1333 1721 1522 1752 habeantur.
1584 1721 1739 1752 Volentes
1769 1721 1855 1762 quod

201 1785 311 1806 omnes
335 1778 367 1806 ct
391 1775 515 1815 singuli,
540 1775 593 1816 qui
618 1774 658 1805 ad
683 1774 843 1815 predictas
867 1774 1023 1805 nundinas
1047 1774 1253 1813 accesserint,
1278 1784 1375 1814 quam
1399 1773 1452 1803 diu
1476 1773 1596 1803 ibidem
1621 1774 1855 1813 permanserint

201 1831 233 1857 et
256 1827 287 1856 in
312 1825 496 1857 accedendo
522 1829 554 1856 et
577 1825 617 1856 ad
642 1836 699 1856 sua
722 1825 885 1856 domicilia
913 1825 1104 1857 revertendo
1129 1836 1251 1856 moram
1276 1825 1446 1864 traxerint,
1476 1825 1571 1865 plena
1596 1835 1675 1865 pace
1707 1828 1738 1855 et
1762 1834 1853 1855 secu-

200 1879 295 1909 ritate
319 1877 495 1918 gaudeant,
528 1888 606 1918 quos
631 1880 662 1907 et
686 1887 743 1908 nos
767 1877 796 1907 in
826 1882 967 1908 nostram
997 1880 1029 1908 et
1056 1878 1181 1918 imperii
1206 1877 1439 1917 protectionem
1469 1877 1640 1916 recipimus
1670 1876 1852 1917 specialem.

200 1929 388 1960 Inhibentes
410 1928 557 1959 omnibus
581 1931 613 1959 et
629 1928 760 1968 singulis
784 1928 842 1959 sub
859 1928 1005 1959 Romano
1030 1929 1164 1970 imperio
1189 1929 1378 1967 constitutis,
1403 1938 1441 1958 ne
1466 1928 1536 1968 quis
1560 1928 1645 1967 ipsos
1668 1927 1719 1957 vel
1744 1937 1853 1957 eorum

200 1981 352 2022 aliquem,
377 1991 456 2021 quos
479 1979 519 2010 ab
543 1980 629 2010 omni
653 1980 766 2010 iniuria
787 1980 908 2011 alienos
932 1981 1000 2011 fieri
1025 1981 1179 2021 cupimus,
1204 1981 1234 2010 in
1259 1980 1323 2010 suis
1347 1980 1443 2010 rebus
1467 1980 1517 2009 vel
1542 1979 1729 2019 corporibus
1752 1979 1853 2009 mole-

200 2036 284 2063 stare
308 2031 427 2062 audeat
451 2041 506 2061 seu
531 2031 773 2072 quomodolibet
796 2032 994 2072 perturbare.
1042 2032 1287 2063 Committentes
1311 2031 1534 2061 nichilominus
1558 2034 1589 2061 et
1614 2030 1755 2061 districte
1780 2040 1853 2070 pre-

200 2083 355 2125 cipientes
383 2082 529 2113 omnibus
558 2086 590 2113 et
614 2082 745 2123 singulis
770 2106 800 2113 ..
826 2083 975 2123 ducibus,
1001 2107 1033 2114 ..
1057 2083 1310 2123 marchionibus,
1344 2107 1375 2114 ..
1401 2082 1584 2120 comitibus,
1613 2105 1644 2111 ..
1670 2081 1853 2121 baronibus,

201 2161 225 2166 ..
240 2135 472 2176 provinciarum
488 2134 667 2175 presidibus
684 2145 739 2165 seu
758 2159 783 2165 ..
801 2134 965 2166 advocatis
978 2135 1226 2176 provincialibus
1243 2134 1427 2175 cunctisque
1445 2134 1514 2164 aliis
1534 2133 1745 2174 potestatibus
1762 2143 1853 2163 secu-

201 2186 329 2223 laribus,
355 2196 555 2227 quocumque
580 2186 708 2216 nomine
733 2190 936 2223 censeantur,
960 2190 994 2217 ut
1018 2190 1050 2218 et
1073 2187 1133 2227 ipsi
1158 2186 1318 2227 predictas
1349 2185 1505 2216 nundinas
1536 2188 1567 2215 et
1598 2183 1789 2215 accedentes
1813 2184 1855 2214 ad

203 2248 257 2270 eas
282 2242 313 2270 et
330 2241 526 2269 revertentes
549 2237 589 2268 ab
612 2237 734 2268 eisdem
759 2249 777 2269 a
795 2238 989 2279 quibuslibet
1006 2239 1136 2274 iniuriis,
1161 2238 1307 2278 dampnis
1325 2240 1356 2268 et
1373 2236 1537 2268 violenciis
1560 2235 1719 2276 imperiali
1744 2237 1853 2265 aucto-

202 2290 295 2321 ritate
319 2290 349 2319 in
372 2289 433 2320 hac
462 2292 552 2330 parte
581 2289 700 2320 suffulti
730 2293 962 2321 manuteneant
989 2294 1021 2321 et
1049 2289 1237 2329 defendant,
1269 2288 1506 2320 inim-latoribus
1535 2291 1566 2318 et
1595 2285 1854 2317 malefactoribus

201 2341 388 2372 eorumdem
411 2341 639 2371 accedencium
663 2344 695 2371 et
718 2343 952 2372 revertencium
977 2352 1033 2373 seu
1058 2342 1159 2373 dictas
1182 2341 1338 2372 nundinas
1355 2338 1598 2381 quomodolibet
1618 2337 1855 2379 inpedientibus

200 2403 300 2434 penas
324 2392 459 2431 debitas,
484 2396 579 2433 prout
595 2392 703 2423 delicti
719 2394 856 2434 qualitas
873 2394 1029 2434 exegerit,
1054 2393 1237 2435 infligendO,
1262 2403 1341 2434 quas
1365 2391 1493 2432 quidem
1518 2390 1797 2421 manutencionem
1823 2391 1854 2418 et

203 2443 455 2474 defenssioneme
479 2443 569 2474 vobis
593 2443 691 2474 etiam
715 2467 746 2474 ..
772 2445 953 2475 consulibus
983 2449 1015 2475 et
1039 2469 1045 2475 .
1066 2445 1094 2475 ,ὴ
1119 2444 1240 2475 civibus
1269 2444 1406 2474 civitatis
1430 2442 1682 2473 wormaciensis
1710 2439 1853 2480 predicte

200 2495 360 2535 imperiali
383 2495 573 2525 auctoritate
598 2495 744 2526 similiter
767 2496 796 2526 in
822 2496 881 2526 hac
904 2500 995 2537 parte
1020 2495 1156 2527 suffultis
1172 2494 1405 2527 conmittimuss
1426 2493 1648 2535 precipientes,
1673 2496 1707 2522 ut
1731 2490 1851 2521 eisdem

201 2546 335 2577 sollicite
350 2545 532 2577 intendatis.
564 2545 597 2576 Si
611 2546 680 2586 quis
693 2550 801 2578 autem
816 2548 847 2577 in
860 2547 1042 2578 huiusmodi
1058 2548 1303 2578 manutencione
1318 2550 1350 2577 et
1361 2545 1583 2577 defenssionee
1596 2547 1741 2584 repertus
1759 2540 1852 2571 fuerit

200 2598 345 2638 negliens
368 2598 419 2628 vel
442 2598 602 2637 remissus,
626 2608 756 2638 gravem
781 2602 887 2630 nostre
912 2599 1090 2630 maiestatis
1114 2603 1146 2630 et
1168 2599 1294 2639 imperii
1318 2597 1575 2637 indignacionem
1601 2605 1634 2625 se
1659 2593 1781 2623 noverit
1805 2592 1851 2620 in-

202 2659 377 2681 cursurum.
465 2648 552 2679 Nulli
582 2659 659 2690 ergo
691 2650 818 2680 omnino
848 2650 1012 2681 hominum
1040 2650 1137 2681 liceat
1164 2650 1246 2680 hanc
1273 2649 1372 2679 nostri
1397 2646 1571 2688 imperialis
1602 2644 1696 2675 edicti
1727 2646 1850 2683 protec-

307 2742 370 2769 565.
397 2743 421 2773 a)
439 2740 633 2779 {Lugdowieus
651 2743 675 2768 ’2.
754 2744 778 2775 ¹¹)
798 2745 866 2770 deest
883 2744 906 2769 Ξ).
991 2744 1013 2776 c)
1034 2764 1039 2769 .
1056 2764 1061 2769 .
1076 2749 1135 2776 pose
1154 2745 1215 2769 adel.
1229 2743 1252 2768 2.
1333 2742 1356 2771 (l)
1373 2742 1507 2774 suplicaiio
1527 2740 1550 2764 2.
1633 2739 1653 2765 el
1675 2737 1813 2763 defension,
1827 2735 1850 2761 2.

202 2784 220 2817 s)
240 2794 327 2811 comm.
342 2784 366 2810 ¹2.
