2205 3025
319 127 379 153 5κῦ
759 118 853 144 ACTA
875 117 987 143 REGNI
1008 116 1190 143 LUDEWICI
1212 116 1256 142 IV.
1295 115 1370 142 1330.
1407 116 1454 142 Nr.
1468 117 1526 143 686.

318 218 439 238 necnon
465 206 650 246 privationis
674 204 913 245 privilegiorum
938 212 1211 243 quorumcumque
1236 203 1482 243 apostolicorum
1507 206 1539 233 et
1561 203 1774 243 imperialium
1799 214 1835 234 ac
1860 203 1973 235 feudo-

318 269 402 290 rum,
429 268 489 297 que
516 257 554 287 ab
580 257 714 287 ecclesia
741 255 790 285 vel
815 255 949 295 imperio
975 254 1170 294 obtinerent,
1201 254 1292 294 penis
1317 253 1502 284 duxerimus
1527 257 1559 284 et
1582 253 1811 291 mandandum,
1836 264 1875 285 ne
1899 265 1972 295 pre-

318 309 401 338 dicto
429 307 614 346 li(udovicol
640 309 803 347 parerent,
840 306 986 336 faverent
1009 305 1058 335 vel
1086 305 1289 335 intenderent
1313 305 1397 335 circa
1421 305 1510 345 regni
1534 304 1670 335 Romani
1694 305 1743 336 vel
1774 305 1898 346 imperii
1922 316 1973 336 re-

316 361 423 399 gimen
443 359 492 389 vol
513 358 823 389 adminim-ationem
849 367 958 388 eorum
984 357 1201 397 contingentia
1226 356 1363 387 favendo
1388 356 1438 387 vel
1463 357 1560 387 etiam
1584 356 1771 395 assistendo,
1796 357 1973 398 privilegia,

318 411 549 443 immunitates,
583 409 679 439 feuda
703 409 753 439 vel
784 409 852 438 iura
876 417 1076 448 quecumque
1106 408 1135 437 in
1165 407 1286 438 eisdem
1318 417 1416 447 regno
1441 408 1492 438 vel
1520 408 1654 448 imperio
1684 407 1725 438 ab
1754 407 1869 438 eodem
1893 409 1973 439 reci-

318 461 450 502 piendo.
483 461 658 490 dominium
685 460 733 491 vel
758 459 989 490 subiectionem
1013 459 1153 499 aliquam
1179 462 1331 499 tanquam
1355 459 1423 498 regi
1452 468 1507 489 seu
1536 459 1566 488 in
1594 469 1705 499 regem
1728 458 1972 498 Roman(0rum)

317 513 420 542 eleeto
446 512 493 542 vel
527 512 713 552 imperatori
742 509 1002 550 recognoscendo
1026 510 1077 540 vel
1108 509 1338 550 impendendo,
1364 513 1480 548 terras,
1505 511 1709 549 potestarias,
1741 510 1893 541 rectorias
1917 520 1975 541 seu

317 564 379 593 alia
411 563 533 595 officia,
567 572 768 602 quocumque
800 562 927 592 nomine
957 564 1175 595 censerentur,
1216 561 1247 590 in
1276 560 1404 591 civitate
1433 560 1541 601 aliqua
1570 561 1619 591 vel
1653 561 1766 601 quovis
1796 561 1866 592 loco
1899 561 1973 599 alio,

318 614 459 644 maxime
485 614 515 643 in
539 613 617 644 urbe
641 612 791 643 Romana
815 623 872 643 seu
897 613 925 642 in
951 622 1050 653 regno
1076 611 1184 642 Sicilie
1208 611 1259 642 vel
1283 612 1376 642 terris
1400 611 1471 642 aliis
1496 612 1631 642 ecclesie
1655 612 1800 642 Romane
1824 612 1975 643 subiectis

317 668 372 695 aut
396 665 466 694 aliis
490 664 583 694 Italic
608 664 753 704 partibus
777 663 969 704 supradictis
991 663 1030 693 ab
1055 663 1124 703 ipso
1149 673 1205 693 seu
1229 664 1297 694 eius
1313 663 1440 693 nomine
1466 663 1651 703 recipiendo
1675 664 1740 694 sive
1766 664 1862 694 etiam
1881 673 1972 694 exer-

319 716 419 746 cendo
444 726 524 745 neve
549 716 737 746 societatem
763 725 819 745 seu
844 714 1140 745 confederationem
1165 714 1304 755 aliquam
1330 724 1402 744 cum
1427 714 1543 744 eodem
1568 717 1678 745 contra
1701 715 1869 745 ecclesiam
1898 725 1973 746 con-

321 767 483 797 traherent
508 766 558 797 vel
582 770 778 797 contractam
804 776 862 806 per
886 776 957 797 eum
982 765 1033 796 vel
1057 766 1153 795 etiam
1179 776 1249 795 cum
1275 775 1312 796 eo
1339 765 1547 797 observarent
1570 765 1621 796 vel
1645 766 1790 796 faverent
1814 775 1874 796 nec
1898 776 1972 797 eon-

320 818 475 849 trahendo
502 818 744 858 quomodolibet
769 818 985 848 consentirent
1016 827 1073 847 nec
1103 817 1270 847 retinendo
1299 817 1402 857 ipsum
1431 827 1487 847 seu
1511 816 1648 848 fovendo
1674 816 1973 858 quomodocumque

319 870 369 899 vel
395 870 670 910 qualitercumque
699 870 729 899 in
754 870 848 899 Italia
878 868 983 899 eidem
1015 868 1174 903 faverent,
1203 869 1388 901 assisterent
1417 872 1471 898 aut
1501 871 1681 908 prestarent
1710 879 1780 899 cum
1805 868 1900 898 armis
1923 869 1974 899 vel

317 921 384 951 sine
416 921 511 951 armis
534 921 704 955 auxilium,
740 920 909 951 consilium
932 919 983 950 vel
1012 919 1154 950 favorem
1184 919 1311 960 publice
1337 919 1387 950 vel
1413 920 1550 959 occulte,
1579 930 1598 949 a
1626 919 1740 960 quibus
1764 919 1893 960 quidem
1917 930 1973 950 ex-

319 972 613 1002 communicationis
638 976 669 1001 ct
694 971 852 1002 interdicti
873 971 1039 1002 sententiis
1063 970 1103 1001 ab
1128 970 1191 1001 alio
1216 981 1312 1011 quam
1337 982 1355 1001 a
1372 970 1546 1009 Ros'mano)
1564 971 1713 1011 pontifice
1738 971 1857 1001 nullum
1882 982 1975 1011 posse

319 1023 440 1054 absolvi
466 1024 515 1053 vel
541 1023 670 1054 liberari
694 1024 862 1058 voluimus,
891 1023 950 1053 nisi
975 1022 1143 1053 dumtaxat
1167 1023 1198 1052 iu
1222 1022 1333 1052 mortis
1357 1022 1490 1052 articulo
1514 1022 1554 1052 ab
1580 1021 1694 1052 eadem
1718 1022 1975 1053 excommunica-

319 1075 411 1104 tionis
432 1076 590 1105 sententia
612 1074 706 1105 modo
728 1078 760 1105 et
780 1074 892 1108 forma„
918 1074 1031 1114 quibus
1056 1084 1074 1103 a
1095 1073 1213 1104 iuribus
1234 1077 1282 1104 est
1301 1073 1473 1114 provisum.
1513 1072 1644 1103 Eisdem
1663 1075 1695 1103 et
1714 1083 1824 1103 eorum
1844 1072 1975 1113 siugulis

320 1130 391 1156 tunc
423 1127 564 1166 apertius
594 1125 816 1156 nichilominus
845 1125 1064 1166 predicentes,
1096 1125 1180 1165 quod
1205 1125 1358 1156 adversus
1383 1135 1450 1159 eos,
1483 1125 1536 1165 qui
1562 1123 1718 1165 [contra]c
1742 1124 1974 1161 inhibitionem,

320 1177 527 1207 monitionmu
553 1181 585 1207 et
608 1177 760 1207 mandata
784 1180 891 1207 nostra
916 1176 1098 1207 huiusmodi
1123 1176 1243 1207 directe
1266 1177 1315 1207 vel
1339 1176 1504 1212 indirecte,
1529 1175 1655 1217 publice
1679 1175 1729 1206 vel
1755 1175 1877 1206 occulte
1902 1185 1974 1216 pre-

320 1232 481 1259 sumerent
506 1228 625 1268 aliquid
650 1232 854 1268 attemptare,
880 1228 920 1259 ad
937 1228 1149 1269 privationem
1175 1229 1413 1268 privilegiorum
1439 1237 1711 1268 quorumcumque
1729 1227 1976 1267 apostolicorum

321 1282 354 1309 et
377 1279 589 1319 imperialium
616 1290 653 1309 ac
678 1279 858 1312 feudorum,
884 1290 944 1320 que
969 1290 987 1309 a
1004 1279 1149 1310 Romana
1174 1280 1224 1309 vol
1249 1280 1318 1309 aliis
1342 1280 1484 1309 ecclesiis
1510 1290 1565 1309 seu
1582 1279 1716 1319 imperio
1734 1277 1977 1318 quomodolibet

322 1331 511 1369 obtinerent,
537 1334 569 1360 et
592 1331 670 1360 alias
695 1331 870 1371 procedere
895 1331 1140 1361 intendebamus
1164 1330 1285 1371 absque
1311 1331 1460 1361 citatione
1485 1330 1600 1370 aliqua,
1625 1332 1719 1370 prout
1742 1329 1815 1360 facti
1839 1329 1977 1370 qualitas

321 1383 479 1422 exigeret,
504 1382 583 1412 sicut
609 1385 639 1411 et
665 1382 791 1422 quando
818 1381 992 1422 expediens
1016 1381 1208 1412 videremus.
1254 1381 1296 1411 Et
1311 1382 1440 1421 insuper
1458 1381 1693 1411 decreverinms
1709 1380 1864 1419 civitates,
1889 1390 1975 1410 com-

322 1433 508 1471 munitates,
534 1433 771 1472 universitates,
796 1433 901 1471 villas,
927 1433 1064 1473 collegia
1088 1436 1120 1463 ct
1144 1442 1362 1473 quascumque
1387 1432 1564 1473 singulares
1588 1442 1754 1472 personas,
1780 1442 1841 1472 que
1867 1435 1976 1461 contra

322 1484 545 1522 monitionem,
577 1484 797 1514 inhibitionem
832 1488 864 1514 et
887 1483 1039 1514 mandata
1067 1487 1175 1514 nostra
1199 1483 1380 1514 huiusmodi
1409 1483 1492 1514 dicto
1518 1482 1710 1523 Ltudovico)
1739 1483 1778 1512 de
1809 1483 1913 1513 heresi
1945 1486 1977 1513 et

322 1536 470 1565 scismate
499 1539 533 1565 ut
556 1536 749 1575 premittitur
765 1535 1001 1576 condempnata
1027 1535 1193 1569 adherere,
1219 1536 1463 1571 communicare,
1488 1535 1680 1574 pa1·ti(·i1;›al·e
1698 1533 1747 1564 vel
1764 1534 1873 1564 favere
1898 1543 1976 1573 quo-

323 1597 459 1627 cumque
485 1586 581 1616 modo
605 1586 725 1617 directe
750 1587 799 1617 vel
824 1587 989 1620 indirecte,
1014 1587 1139 1627 publice
1164 1586 1214 1616 vel
1240 1587 1363 1617 occulte
1388 1590 1611 1626 presumerent
1627 1585 1677 1615 vel
1701 1585 1877 1621 sotietatcs,
1902 1595 1976 1615 con-

324 1637 555 1668 federationes.
580 1638 816 1677 colligationes,
842 1639 1007 1678 pactiones
1031 1642 1085 1668 aut
1110 1638 1189 1677 ligas
1214 1648 1432 1678 quascumque
1461 1648 1532 1667 cum
1562 1636 1676 1667 eodem
1705 1637 1797 1666 initas
1822 1635 1871 1666 vel
1902 1646 1976 1666 con-

323 1692 440 1718 tractas
472 1689 638 1728 presertim
675 1690 703 1718 in
736 1690 803 1719 eius
836 1690 994 1722 farorem,
1025 1689 1196 1720 utilitatem
1226 1689 1277 1719 vel
1306 1689 1459 1719 auxilium
1489 1688 1711 1727 observarent,
1741 1692 1848 1728 preter
1878 1697 1977 1728 penas

323 1739 483 1779 predictas
509 1740 654 1769 omnibus
680 1741 785 1780 penis,
819 1740 933 1781 quibus
957 1741 1099 1771 fautores
1130 1744 1161 1771 et
1186 1740 1372 1771 defensores
1397 1740 1611 1770 hereticorum
1636 1739 1832 1769 subiciuntur
1855 1749 1873 1769 a
1897 1740 1976 1777 iure,

311 1793 354 1831 ,ct
385 1791 547 1831 quibusvis
577 1791 855 1821 constitutionibus
886 1791 1062 1829 subiacere,
1094 1791 1135 1821 ad
1166 1802 1316 1832 penarum
1347 1792 1487 1832 ipsarum
1518 1791 1768 1821 declarationem
1797 1793 1829 1820 et
1858 1800 1976 1821 execu-

323 1843 441 1872 tionem
467 1846 575 1872 contra
600 1842 823 1883 delinquentes
848 1842 1029 1873 huiusmodi
1053 1854 1109 1873 nos
1134 1853 1348 1883 processuros,
1373 1843 1408 1881 si,
1434 1842 1561 1883 quamlo
1586 1845 1618 1872 et
1633 1843 1758 1883 quoties
1782 1841 1872 1872 nobis
1888 1841 1976 1872 vide-

325 1896 409 1923 retur
434 1893 618 1933 expediens,
645 1898 717 1923 tunc
742 1894 883 1934 apertius
908 1894 1143 1934 prediceutes1.

432 1946 458 1974 3.
497 1945 619 1974 Tamen
646 1948 715 1985 post
741 1945 989 1985 publicationem
1008 1956 1212 1986 processuum
1238 1945 1413 1976 eorundem
1432 1945 1590 1975 Iohannes
1615 1944 1654 1975 de
1672 1944 1876 1975 Claromonte
1901 1943 1975 1973 olim

324 2005 431 2024 comes
455 1995 585 2026 Moach.
618 1997 668 2036 qui
701 2007 810 2026 comes
841 1997 879 2026 de
905 1995 1111 2027 Claromonte
1141 1998 1172 2026 in
1197 1996 1304 2027 Sicilia
1334 1997 1529 2033 nominatur,
1560 1996 1710 2036 predictis
1740 1994 1976 2026 monitionibus.

324 2045 562 2076 inhibitionibus
595 2051 626 2077 et
654 2047 812 2077 mandatis
847 2058 883 2077 ac
912 2049 1002 2087 penis
1037 2052 1068 2078 et
1097 2049 1262 2078 sententiis
1292 2047 1437 2078 deductis
1465 2047 1551 2078 velut
1582 2048 1613 2077 in
1648 2046 1818 2087 reprobum
1849 2056 1978 2077 sensum

325 2096 440 2126 datus2
465 2097 713 2137 dampnabiliter
737 2099 767 2128 in
793 2102 1012 2138 contemptum
1038 2109 1108 2129 cum
1135 2099 1323 2139 quibusdam
1349 2099 1514 2140 armigeris
1538 2099 1605 2129 eius
1629 2097 1817 2138 sequacibus
1841 2097 1881 2127 ad
1904 2107 1976 2137 pre-

326 2148 459 2177 sentiam
487 2148 628 2178 ciusdem
654 2149 836 2188 L(udovic.i)
868 2154 940 2180 tunc
970 2151 1001 2180 in
1026 2151 1154 2181 civitate
1179 2150 1297 2181 Pisana
1321 2151 1474 2181 morantis
1503 2161 1536 2180 se
1560 2149 1772 2191 personaliter
1800 2148 1976 2187 conferens,

326 2197 432 2228 cidem
457 2198 622 2229 liudovico
647 2200 773 2230 adhesit
798 2200 926 2240 publice
952 2204 983 2231 ct
1008 2212 1077 2231 cum
1103 2201 1218 2231 eodem
1243 2201 1381 2232 Romam
1411 2201 1545 2232 accessit
1573 2200 1777 2241 postmodum
1802 2202 1834 2229 et
1857 2199 1976 2229 ibidem

326 2259 446 2278 moram
474 2251 569 2279 traxit
601 2254 631 2279 et
656 2254 720 2280 tam
746 2251 804 2280 sibi
831 2262 925 2291 quam
951 2252 1049 2282 Petro
1074 2252 1114 2283 de
1139 2252 1290 2283 Coi-varia
1315 2252 1518 2283 heresiarche
1547 2255 1580 2282 et
1603 2252 1780 2282 scismatico
1810 2249 1977 2281 manifesto

326 2304 390 2329 tam
416 2300 444 2329 in
470 2300 556 2330 l'rbe
587 2301 730 2341 predicta
760 2313 857 2342 quam
889 2306 979 2332 extra
1005 2303 1131 2333 adhesit
1160 2303 1409 2344 dampnabiliter
1436 2303 1627 2344 publiceque
1652 2303 1790 2343 prestitit
1813 2301 1978 2336 auxilium,

327 2351 491 2381 consilium
519 2359 549 2381 ct
574 2352 731 2387 favorem,
762 2353 904 2393 parendo
937 2358 968 2384 et
998 2355 1178 2385 obediendo
1210 2355 1368 2385 mandatis
1402 2365 1511 2385 eorum
1541 2358 1573 2384 et
1603 2353 1765 2394 obsequiis
1795 2351 1978 2391 insistendo,

327 2412 448 2432 necnon
478 2403 518 2433 ab
544 2404 657 2433 oodmn
682 2404 779 2434 Petro
806 2405 844 2435 dc
871 2404 1023 2435 Cervaria
1056 2407 1257 2437 marescallie
1287 2406 1426 2437 officium
1458 2405 1641 2446 recipiendo
1673 2404 1921 2445 dampnabiliter
1947 2407 1979 2434 et

327 2463 383 2493 pro
420 2454 473 2483 tali
510 2454 634 2494 publice
671 2466 704 2484 so
739 2455 881 2495 gerendo
919 2467 955 2486 ac
991 2457 1106 2487 deinde
1142 2457 1182 2487 ad
1217 2457 1395 2488 Mai-chiam
1431 2458 1681 2495 Anconitanam,
1715 2459 1834 2486 terram
1868 2456 1977 2495 utique

326 2504 471 2534 Romane
497 2505 630 2535 ecclcsi‹1=
656 2507 850 2545 peculiarem
884 2510 915 2537 ct
938 2507 979 2537 ad
1003 2508 1049 2537 ius
1075 2510 1106 2537 ct
1130 2509 1358 2548 ltu-oprietatcm
1388 2508 1475 2539 beati
1500 2508 1589 2538 Petri
1619 2511 1651 2538 et
1676 2507 1817 2538 eiusdem
1842 2506 1976 2536 ecclesie

328 2555 422 2595 pleno
447 2556 513 2586 iure
539 2560 735 2596 spectantem
761 2557 919 2587 accedens
944 2559 1161 2599 vicariumque
1191 2560 1316 2599 imperii
1345 2570 1401 2600 pro
1433 2559 1517 2590 dicto
1542 2559 1732 2598 Ltudovicol
1758 2562 1789 2588 et
1819 2560 1975 2588 rectorem

328 2617 383 2645 pro
413 2607 526 2637 eodem
553 2608 648 2638 Petro
674 2608 712 2638 <le
738 2609 890 2638 (Nn-varia
921 2609 1121 2639 heresiarcha
1155 2620 1189 2640 se
1220 2611 1249 2639 iu
1280 2610 1393 2641 eadem
1419 2611 1562 2641 Mai-chia
1592 2610 1719 2651 publice
1750 2609 1914 2639 nominans
1946 2610 1978 2637 et

430 2674 495 2700 (536.
523 2680 545 2705 Γ)
565 2677 657 2700 esf-cidit
676 2686 694 2700 ι’.

433 2727 456 2757 l)
478 2726 517 2757 (Υ.
538 2734 621 2759 srtpru
643 2736 681 2752 mn
700 2731 748 2752 421*
765 2736 822 2759 ml)-
838 2732 859 2753 2.
948 2728 974 2752 ³2·
996 2727 1036 2758 Cf.
1058 2727 1134 2753 Rom.
1152 2732 1171 2757 J,
1186 2732 1224 2753 ΞΝ.

1994 673 2018 692 10

1995 930 2019 948 15

1995 1183 2020 1202 20

1996 1440 2020 1458 25

1996 1697 2021 1715 30

1996 1952 2020 1971 35

1996 2210 2020 2228 40

1997 2467 2020 2484 45
