2205 3025
568 165 663 192 ACTA
683 165 795 192 REGNI
817 165 997 192 LUDEWICI
1018 165 1065 192 lV.
1101 166 1175 194 1330.
1214 165 1261 193 Nr.
1275 166 1334 193 824.
1354 167 1412 193 825.
1756 171 1816 201 (597

167 254 319 292 tanquam
345 253 640 283 excommunicatus
669 256 701 283 et
728 253 855 294 publice
880 253 1133 294 condempnatus
1157 256 1191 284 ut
1214 253 1374 284 hereticus
1406 264 1443 284 ac
1472 253 1688 285 hereticorum
1713 254 1819 286 fautor

167 313 296 333 suorum
321 306 484 334 crescente
513 303 638 334 cumulo
667 304 833 334 criminum
862 314 919 344 per
942 314 1110 345 processus
1140 308 1265 335 nostros
1294 305 1376 335 iuste
1408 305 1547 336 noscitur
1571 306 1723 345 irretitus,
1753 309 1817 337 tam

167 354 250 385 circa
275 365 326 389 ea,
352 365 414 396 que
438 354 478 386 de
502 355 645 396 predicto
669 355 890 386 marchionatu
914 355 954 386 de
979 355 1062 386 facto
1087 357 1168 386 sicut
1185 357 1379 397 premittitur
1396 358 1611 398 attemptavit„
1636 368 1731 399 quam
1755 358 1818 389 alia

165 416 300 446 regnum
326 410 357 436 et
375 407 544 447 imperium
566 406 723 447 prelibata
743 417 871 448 quoquo
891 407 987 438 modo
1007 409 1181 448 tangentia,
1206 407 1303 439 nichil
1327 408 1386 438 sibi
1409 409 1575 449 acquirere
1600 409 1689 440 licuit
1712 419 1816 451 neque

133 468 143 486 5
166 457 251 489 licet.
289 456 446 488 Preterea
469 457 495 487 si
519 457 604 498 quod
628 457 711 488 absit
735 468 833 499 pravo
857 458 888 488 in
906 459 965 489 hac
989 462 1080 499 parte
1105 469 1161 490 suo
1187 459 1347 490 desiderio
1365 459 1536 499 faveretur⁷
1561 460 1639 490 illud
1663 461 1693 491 in
1718 471 1817 501 gene-

121 723 147 742 10

123 980 145 998 15

123 1235 147 1253 20

123 1765 148 1783 30

122 2019 145 2037 35

121 2276 147 2294 40

122 2649 146 2668 45

166 509 232 540 rale
257 508 466 550 preiudicium
490 509 632 549 ipsorum
655 510 746 550 regni
776 512 808 540 et
831 510 956 551 imperii
981 520 1018 540 ac
1042 513 1184 541 nostram
1214 514 1246 541 et
1269 511 1406 542 ecclesie
1430 511 1589 552 prelibate
1614 512 1761 542 iniuriam
1786 516 1818 543 et

166 560 393 591 contumeliam
418 560 550 591 cederet
574 561 749 599 evidenter,
767 564 944 592 verteretur
967 563 1064 592 etiam
1087 562 1206 602 proch⁰
1232 562 1323 593 dolor
1346 563 1376 592 in
1402 566 1542 593 vestrum
1568 563 1728 604 singulare
1753 563 1816 594 dis-

165 611 334 652 pendium,
366 611 451 651 quod
474 612 506 641 in
530 611 621 642 vobis
648 613 759 652 utique
790 612 906 643 Christi
936 613 1084 644 fidelibus
1114 613 1153 644 de
1183 614 1281 654 ipsius
1312 614 1429 644 Bavari
1462 614 1678 646 familiaritate
1709 615 1818 656 lupina

165 673 221 694 seu
245 663 348 693 vicina
372 663 538 702 tyrannide
563 663 798 694 rationabiliter
821 667 870 694 est
893 665 1079 695 timendum.
1125 665 1166 696 Et
1195 666 1269 706 quia
1293 666 1437 706 pluribus
1461 667 1571 707 gratiis
1595 677 1632 698 ac
1657 666 1817 698 favoribus

165 716 274 755 variis,
304 714 418 756 quibus
443 725 498 745 vos
522 715 676 746 hactenus
700 715 920 746 benivolencia
944 719 1077 756 paterna
1108 717 1321 757 respexinmS,
1354 721 1570 748 memoranter
1594 719 1739 758 attentis,
1763 728 1819 748 vos

165 770 318 808 tanquam
342 766 544 807 gratitudinis
568 766 650 797 filios
673 770 705 797 et
729 766 908 797 devotionis
933 766 1101 808 alumpnos
1125 767 1251 798 illorum
1277 779 1346 799 esse
1372 770 1580 809 supponimus
1604 780 1666 800 non
1691 770 1817 803 oblitos,

167 818 367 849 nobilitatem
404 820 543 849 vestram
581 828 731 859 rogamus
766 821 798 849 et
837 818 1002 849 hortamur
1036 820 1192 850 atteneius
1223 821 1254 850 in
1288 819 1416 851 domino
1446 821 1542 851 Iliesu
1572 821 1698 852 Christo
1727 821 1818 852 vobis

166 870 390 901 nichilominus
413 868 531 900 salubri
555 869 685 900 consilio
706 869 888 909 suadentes,
912 873 946 900 ut
970 870 1097 910 reprobi
1115 870 1206 901 huius
1223 871 1280 901 viri
1305 872 1471 902 conatibus
1488 883 1544 903 vos
1561 872 1816 903 consideratione

165 922 320 962 premissa
343 921 508 961 patencius
532 924 731 961 opponentes
755 921 824 955 sibi,
849 922 899 951 cui
923 921 1071 952 assistere
1097 921 1145 952 vel
1170 922 1277 953 favere
1303 923 1405 963 ipsum
1431 927 1479 954 est
1503 924 1628 964 penitus
1652 924 1816 955 offendere

167 972 365 1005 Creatorem.
390 972 433 1002 sic
458 972 590 1002 virilitci·
614 976 646 1002 et
669 972 875 1002 laudabiliter
898 973 1062 1009 resistatis,
1089 973 1173 1014 quod
1192 974 1230 1004 de
1249 976 1459 1015 occupatione
1477 976 1712 1006 marchionatus
1733 977 1816 1006 eius-

168 1023 241 1055 dem
264 1034 355 1054 suum
381 1023 582 1054 nullathenus
607 1027 820 1064 consequatur
843 1025 1008 1054 intentum.
1056 1024 1170 1054 Scituri
1196 1036 1252 1065 pro
1277 1030 1363 1057 certo
1389 1027 1475 1067 quod
1499 1027 1523 1057 si
1541 1027 1817 1058 exhortationibus

166 1075 280 1106 nostris
304 1075 529 1116 acquieveritis
553 1076 582 1105 in
607 1075 667 1105 hac
684 1078 784 1115 parte,
810 1075 977 1116 quamvisd
995 1076 1162 1116 negocium
1188 1080 1327 1107 vestrum
1353 1082 1466 1117 agatur
1489 1082 1523 1108 ut
1541 1079 1635 1115 scitis,
1657 1089 1711 1109 vos
1728 1079 1816 1110 favo-

166 1127 252 1157 ribus
281 1130 369 1157 tanto
400 1127 574 1157 maioribus
599 1137 832 1167 prosequemur
863 1130 893 1157 et
921 1127 1051 1167 graciis,
1083 1132 1201 1167 quanto
1233 1128 1394 1168 digniores
1429 1134 1600 1170 propterea
1635 1130 1816 1161 efficiemini

166 1178 258 1208 titulo
283 1178 397 1219 premii
421 1179 569 1219 pocioris.

274 1230 347 1261 Dat.
373 1230 568 1269 Avinionoei,
594 1230 664 1260 XV.
684 1230 755 1260 Kal.
782 1229 976 1270 Septcmbr.‚
1001 1241 1083 1260 anno
1108 1230 1360 1271 quartodecimo

274 1290 314 1320 In
339 1301 366 1321 e.
392 1300 458 1320 mo.
483 1291 642 1320 mutatis
666 1290 859 1320 mutandis
876 1290 1035 1320 Wernero
1060 1291 1213 1331 magistro
1239 1296 1270 1322 et
1295 1291 1446 1322 fratribus
1472 1292 1589 1322 ordinis
1607 1293 1700 1324 beate
1718 1293 1818 1324 Mario

166 1341 438 1373 Theutonicorum
464 1342 493 1371 in
519 1342 650 1372 Pruscia
674 1342 852 1372 constitutis

272 1393 314 1423 In
339 1403 366 1424 e.
391 1404 457 1423 mo.
484 1393 637 1423 mutatis
661 1400 788 1423 mutan
800 1393 858 1423 dis
883 1394 1034 1434 episcopo
1060 1393 1326 1433 osnaburgensi)

273 1445 314 1475 In
339 1455 365 1475 e.
390 1455 456 1475 mo.
482 1444 658 1475 Bertholdo
683 1445 925 1485 archiepiscopo
950 1445 1147 1485 Brementsi)

274 1496 315 1526 In
341 1507 367 1527 e.
394 1506 462 1526 mo.
487 1497 638 1537 episcopo
663 1497 934 1534 Monasterienrssi)

275 1548 314 1578 In
338 1559 367 1579 e.
393 1558 461 1578 mo.
486 1549 637 1588 episcopo
655 1548 812 1579 Yerdensi

274 1599 314 1629 In
340 1609 366 1630 e.
392 1610 458 1630 mo.
484 1601 635 1640 episcopo
661 1599 831 1630 Lubicensi

276 1651 315 1681 In
340 1661 366 1681 e.
392 1662 458 1681 mo.
485 1652 635 1692 episcopo
660 1650 916 1692 Rasceburgcnsi

274 1703 313 1732 ln
340 1713 364 1733 e.
391 1713 456 1733 mo.
481 1703 640 1732 mutatis
664 1702 858 1733 mutandis
883 1703 1023 1733 chrico
1049 1702 1119 1733 duci
1145 1702 1283 1733 Saxonie

276 1754 315 1784 In
341 1765 367 1785 e.
393 1765 460 1784 mo.
486 1754 618 1784 Iohanni
645 1755 752 1785 comiti
778 1755 906 1785 Ais-acie

274 1805 314 1836 In
342 1816 368 1836 e.
396 1816 461 1836 mo.
486 1805 627 1836 Henrico
653 1807 759 1836 comiti
785 1805 995 1843 Sverinenffii)

272 1857 314 1887 In
339 1867 366 1887 e.
392 1868 458 1887 mo.
484 1858 645 1888 mutatis
669 1857 862 1887 mutandis
887 1858 1037 1898 episcopo
1063 1856 1273 1895 Svei·inen([si‘)

273 1908 316 1938 In
342 1918 369 1938 e.
394 1919 460 1938 mo.
486 1909 643 1938 mutatis
667 1908 863 1938 mutandis
888 1908 998 1938 Ottoni
1023 1909 1130 1939 comiti
1157 1908 1196 1939 de
1222 1908 1408 1939 Brachuzen

274 1959 317 1989 In
343 1969 369 1990 e.
395 1969 462 1990 mo.
487 1959 627 1989 Rodulfo
653 1959 692 1990 de
718 1959 871 1990 Doi'helte

274 2010 316 2040 In
341 2021 368 2041 e.
393 2021 458 2041 mo.
484 2010 624 2041 Ilenrico
650 2011 689 2041 de
714 2011 885 2051 Homburg

272 2062 315 2092 In
340 2072 366 2093 e.
392 2073 458 2092 mo.
484 2062 695 2093 Wedebrudo
721 2063 760 2093 de
786 2063 894 2093 Monte

272 2113 314 2143 In
339 2123 365 2144 e.
392 2124 457 2143 mo.
483 2115 640 2144 mutatis
664 2114 858 2145 mutandis
883 2115 1035 2154 episcopo
1060 2114 1298 2145 Hildcsemcnsi

272 2165 314 2195 In
340 2175 367 2196 e.
392 2175 458 2195 mo.
484 2166 641 2196 mutatis
665 2166 854 2196 mutandis
878 2165 997 2196 Adulfo
1022 2167 1129 2196 comiti
1155 2166 1194 2196 de
1220 2165 1471 2206 Schowemburg

274 2216 315 2246 In
341 2227 367 2246 e.
392 2227 463 2247 mo.
489 2216 633 2247 Gerar-do
659 2218 766 2248 comiti
792 2217 831 2248 de
856 2217 1002 2258 Hecyiae

273 2268 313 2298 In
339 2277 365 2298 e.
391 2278 458 2298 mo,
484 2268 619 2298 Iohanni
643 2273 674 2300 et
699 2268 878 2299 Christiano
903 2269 1072 2300 comitibus
1097 2269 1136 2300 de
1162 2269 1350 2309 Oldcnburg
1375 2273 1406 2299 et
1430 2268 1667 2299 Dulmenhorst.

273 2328 347 2359 Dat.
372 2333 407 2358 ut
431 2339 537 2369 supra.

443 2459 528 2495 825.
570 2461 725 2495 Litterae
754 2461 799 2494 ml
827 2461 994 2495 aiz-itatem
1025 2461 1267 2495 Basilicnscnz.
1375 2461 1461 2502 sinis.
1486 2463 1543 2494 531.

277 2534 372 2573 Copia
397 2536 448 2573 (c.)
476 2534 584 2565 ibidem
601 2537 670 2564 lom.
691 2533 786 2563 1151!
802 2534 856 2570 fol.
876 2534 936 2563 171
960 2544 1008 2564 ην.
1027 2533 1119 2564 1968.
1162 2533 1356 2565 Conlulinms
1381 2544 1444 2564 nos.
1472 2553 1510 2555 —
1536 2533 1595 2562 Ea.
1616 2533 1814 2564 *Urknizdclz-

165 2583 240 2614 buch
259 2584 313 2615 der
330 2585 424 2616 stadt
440 2585 550 2616 Basel'
566 2585 626 2625 11⁷,
644 2586 685 2615 80¹
709 2585 755 2615 ἱῑν.
774 2586 815 2615 87
831 2596 868 2615 ω’
885 2595 927 2622 c.,·
950 2588 1027 2616 ectr.
1047 2595 1070 2615 v.
1088 2585 1176 2624 apud
1192 2585 1314 2616 Riasler
1337 2585 1355 2616 l.
1374 2595 1396 2616 13.
1420 2596 1451 2623 p.
1469 2586 1530 2614 470
1556 2595 1601 2614 ην,
1622 2585 1703 2614 1376
1726 2594 1762 2613 (μ’
1785 2593 1810 2614 c..

277 2644 326 2684 Cf.
351 2654 450 2683 snpra
472 2655 521 2676 nr.
540 2646 610 2674 819.

268 2754 333 2781 524.
362 2757 383 2784 c)
403 2756 481 2787 prodh
502 2765 521 2779 c.
611 2756 634 2787 a)
655 2757 689 2780 lta
709 2766 729 2781 c.
818 2758 839 2787 e)
859 2757 893 2780 sic
910 2765 959 2787 pr«)
980 2757 1055 2788 Hoya
1074 2766 1093 2781 c.

269 2839 306 2857 ιι.
318 2839 506 2857 c(›NST1TL’TION
512 2840 541 2857 Es
556 2840 590 2857 vr.
1572 2829 1605 2855 88
