2205 3025
270 1648 310 1667 lul.
324 1652 339 1668 1⁴

353 124 413 151 133}ss
626 117 719 143 ACTA
741 116 851 142 REuNI
872 115 1053 141 LUDEWICI
1073 114 1118 139 IV.
1138 114 1183 139 ET
1204 112 1388 139 FRIDERICI
1408 112 1456 138 ΠΙ.
1494 111 1567 138 1328.
1604 111 1652 137 Nr.
1665 109 1725 137 428.>

353 207 436 236 dicte
464 205 555 235 l'rbis
579 204 693 234 annale
718 202 905 234 dominium.
939 204 1083 230 senatum
1113 199 1163 230 vel
1188 200 1346 240 regimen,
1371 199 1452 229 sicut
1476 199 1551 228 facti
1576 197 1737 228 evidentia
1765 197 1919 238 premissa
1943 208 1999 227 no-

354 259 457 287 toriat.
483 257 721 286 concesserunt.
753 263 813 283 non
839 252 1042 282 attendentes
1067 250 1153 292 quod
1178 251 1417 281 concessionem
1442 249 1623 280 huiusmodi
1648 259 1685 280 ac
1710 249 1924 289 predictorum
1950 260 2000 279 as-

353 308 565 348 smnptionem
591 305 673 335 idem
700 304 910 345 predecessor
933 303 1053 333 nullam
1078 302 1221 333 decrevit
1244 303 1384 333 existere
1409 311 1445 332 ac
1470 302 1555 332 omni
1579 301 1693 331 robore
1718 301 1875 331 firmitatis
1892 311 2000 332 carere

353 359 500 399 quodque
526 360 742 397 assumptores
767 359 798 385 et
821 358 1003 394 assumptus
1020 354 1220 384 consentiens
1236 353 1443 394 assumptioni
1459 352 1641 382 huiusmodi
1659 362 1782 382 necnon
1798 352 2001 383 intendentes

354 413 385 439 et
409 409 596 440 obedientes
621 407 724 438 eidem
750 410 781 436 et
805 406 835 436 in
860 406 919 436 hoc
944 405 1058 435 dantes
1082 405 1158 444 ipsis
1182 403 1435 444 assumptoribus
1459 413 1515 433 seu
1540 405 1702 443 assumpto
1728 403 1895 441 auxilium7
1927 413 2000 433 eon-

353 461 454 491 silium
484 460 533 490 vel
561 460 704 489 favorem
736 458 862 498 publice
892 457 941 487 vel
973 456 1112 492 occulte,
1144 456 1370 496 cuiuscumque
1401 454 1564 495 dignitatis
1593 454 1643 484 vel
1673 454 1897 494 preminentie‚
1927 464 2000 484 con-

354 512 480 541 ditionis
511 511 558 540 vel
592 514 692 540 status
722 510 912 546 existerent,
949 508 1288 538 excommunicationis
1319 507 1508 537 sententiam
1540 507 1737 536 incurrerent
1768 515 1805 535 eo
1836 506 1915 546 ipso.
1962 505 2003 535 Et

353 564 480 603 insuper
511 562 645 602 predicti
677 561 813 601 populus
840 560 1020 590 Marcilium
1054 559 1093 589 de
1121 558 1234 589 Padua
1266 562 1298 589 et
1326 558 1502 588 Iohannem
1534 556 1573 587 de
1604 556 1748 587 Ianduno
1777 557 1861 587 viros
1891 557 2002 598 utique

352 614 532 655 pestiferos,
557 613 744 653 reprobatos
769 616 800 642 et
825 611 864 641 de
882 611 986 641 heresi
1004 610 1238 641 sententialiter
1255 613 1286 640 et
1303 610 1428 650 publice
1447 608 1708 649 condempnatos⁷
1734 608 1892 638 doctrinas
1908 608 2002 639 here—

353 666 478 703 tieales‚
507 664 694 705 reprobatas
725 668 756 694 et
781 662 1032 703 condempnatas
1057 662 1324 702 dogmatizantes,
1356 660 1483 702 publice
1508 659 1711 701 predicantes
1738 660 1769 690 in
1794 659 1881 690 Urbe
1911 669 2001 690 rece-

353 720 467 758 perunt
498 716 656 757 predicta.
692 716 906 745 hereticorum
942 714 1156 754 predictorum
1190 713 1425 754 predicationes
1461 716 1492 742 et
1523 711 1808 752 dogmatizationes
1832 711 2003 751 nepharias

354 768 513 799 audiendo
532 769 640 808 eisque
658 766 798 808 parendo
817 767 847 796 in
861 776 988 796 suarum
1002 765 1179 795 animarum
1193 765 1368 806 periculum
1385 762 1506 806 [eisque
1522 762 1625 793 dando
1642 761 1819 804 auxilium]
1837 763 2002 793 consilium

354 823 385 850 ct
409 820 563 850 favorem.
598 819 639 849 Et
663 819 807 859 quamvis
832 827 1021 848 excessuum
1046 816 1263 856 predictorum
1288 817 1427 856 gravitas
1452 819 1484 846 et
1508 815 1681 844 enormitas
1705 813 1886 849 suaderent.
1911 817 1945 844 ut
1962 814 2004 844 ad

354 875 511 901 tantarum
538 870 754 900 temeritatum
780 869 943 899 audatiam
969 868 1191 908 corrigendam
1212 867 1262 901 ,ad
1288 867 1512 898 executionem
1541 875 1695 906 penarum
1724 865 1754 895 in
1779 865 2002 895 constitutione

354 922 497 962 predicta
521 922 699 962 nostrisque
724 920 926 961 processibus
950 922 982 950 et
1006 919 1126 949 iuribus
1150 919 1220 949 aliis
1244 930 1300 959 pro
1324 919 1486 959 premissis
1503 918 1692 948 inflictarum
1710 917 1811 957 rigide
1828 917 2004 957 procedere

355 973 555 1006 deberemus,
573 976 706 1013 paterna
723 977 829 1003 tamen
847 973 960 1012 pietas.
979 982 1040 1012 que
1058 971 1224 1001 consilium
1242 971 1312 1010 capi
1330 980 1387 1010 pro
1405 969 1476 999 filiis
1493 969 1644 1010 postulat,
1661 972 1695 999 ut
1712 968 1815 998 adhuc
1830 968 2004 999 eorundem

354 1024 462 1064 populi
480 1024 632 1054 correctio
651 1023 768 1053 debeat
786 1022 963 1063 prestolari,
982 1032 1051 1052 cum
1070 1022 1209 1062 ipsorum
1227 1031 1344 1061 magna
1361 1031 1434 1061 pars
1451 1021 1609 1060 perversis
1627 1020 1723 1050 fuisse
1741 1030 1837 1060 super
1853 1019 2005 1060 predictis

355 1075 486 1105 seducta
511 1075 647 1105 consiliis
671 1078 830 1104 asseratur
853 1077 885 1104 et
909 1084 1026 1114 magna
1050 1084 1123 1113 pars
1148 1073 1223 1102 cleri
1249 1076 1281 1102 ct
1305 1071 1457 1102 nobilium
1482 1082 1540 1102 nec
1565 1072 1792 1107 consenserint,
1817 1071 1897 1101 sicut
1913 1071 2003 1101 audi-

355 1128 466 1158 vimus.
491 1136 549 1156 nec
574 1126 773 1156 consentiant
791 1126 949 1165 perversis
966 1135 1002 1154 ac
1020 1124 1164 1165 reprobis
1184 1124 1305 1154 actibus
1323 1123 1522 1164 supradictis.
1547 1123 1707 1163 prefatum
1725 1124 1831 1163 itaque
1850 1122 2004 1163 populum

356 1182 387 1208 et
411 1178 588 1218 singulares
612 1187 764 1217 personas
793 1176 890 1216 ipsius
919 1180 1068 1216 presente
1097 1176 1156 1206 hac
1185 1175 1326 1205 fidelium
1356 1174 1558 1205 multitudine
1588 1175 1718 1215 copiosa
1742 1174 1950 1205 exhortamur
1974 1175 2004 1204 in

356 1230 493 1260 Domino
519 1232 550 1258 et
574 1238 738 1258 monemus
765 1227 886 1257 eisdem
910 1227 1132 1257 nichilominus
1156 1227 1212 1256 sub
1231 1217 1570 1257 excommunicationis
1594 1227 1626 1256 in
1650 1236 1803 1266 personas
1827 1226 2004 1266 singulares

357 1284 389 1311 et
413 1281 442 1310 in
466 1281 568 1320 ipsum
595 1279 748 1320 populum
774 1279 932 1309 interdicti
958 1279 1048 1319 penis
1073 1282 1104 1308 et
1128 1279 1302 1308 sententiis.
1328 1288 1408 1318 quas
1432 1288 1493 1308 non
1519 1277 1718 1308 obstantibus
1744 1278 1917 1318 privilegiis
1935 1277 2004 1318 qui—

356 1332 463 1362 busvis
492 1330 613 1361 eisdem
641 1330 699 1360 sub
729 1340 930 1370 quz‘xcumque
959 1330 1061 1360 fornia
1086 1329 1255 1360 vcrlwrum
1286 1329 1415 1359 indultis
1445 1329 1531 1369 ipsos
1563 1332 1593 1359 et
1623 1339 1733 1359 eorum
1764 1328 1919 1369 singulos,
1952 1329 2005 1369 qui

356 1384 470 1413 nostris
494 1382 651 1413 mandatis
675 1382 854 1412 huiusmodi
880 1381 1121 1422 quomodolibet
1138 1381 1360 1411 inobedientes
1384 1380 1557 1418 extiterint.
1582 1380 1743 1410 incurrere
1768 1380 1913 1410 volumus
1936 1381 2005 1420 ipso

357 1435 455 1469 facto,
482 1434 652 1464 districtius
676 1434 890 1473 iniungentes.
920 1437 953 1463 ut
978 1433 1216 1463 considerantes
1239 1436 1361 1463 attente
1386 1432 1648 1472 predecessorum
1675 1442 1801 1462 suorum
1826 1432 1857 1461 in
1881 1431 1943 1461 fide
1969 1441 2005 1461 ao

357 1486 526 1516 devotione
555 1485 690 1515 ecclesie
720 1485 930 1515 constantiam
960 1488 1178 1525 quantumque
1210 1485 1365 1524 premissa
1395 1483 1552 1524 derogent
1583 1483 1666 1514 fame
1698 1494 1752 1513 sue
1778 1486 1810 1513 et
1834 1494 1922 1513 suam
1948 1482 2004 1512 ob-

358 1538 482 1567 t'uscent
505 1537 639 1577 gloriam
666 1547 787 1566 necnon
813 1537 939 1576 quantis
963 1546 996 1566 se
1021 1536 1171 1576 periculis
1196 1535 1403 1575 exposuerint
1427 1545 1484 1575 per
1508 1535 1662 1575 premissa
1680 1538 1899 1575 quantumque
1925 1533 2005 1564 divi-

358 1600 428 1619 nam
456 1588 655 1618 offenderent
680 1588 896 1624 maiestatem.
929 1587 968 1618 de
998 1588 1094 1618 tantis
1123 1587 1308 1618 excessibus
1339 1587 1526 1627 resipiscant
1554 1598 1590 1617 ac
1619 1586 1749 1616 dimisso
1781 1585 1888 1621 devio,
1921 1585 2006 1626 qnod

359 1640 443 1671 ducit
475 1640 513 1670 ad
540 1644 673 1669 mortem
686 1640 705 1670 ¹.
742 1640 820 1669 iufra
850 1639 922 1669 Kal.
951 1639 1022 1669 Iulii
1052 1640 1197 1680 proxime
1227 1639 1322 1669 futuri
1348 1638 1388 1668 ad
1414 1638 1618 1668 devotionem
1647 1637 1750 1668 redire
1781 1637 1915 1667 ecclesie
1945 1647 2006 1667 non

359 1693 514 1722 omittant.
547 1691 686 1721 Eosdem
711 1692 839 1731 insuper
863 1691 1070 1721 exhortantes
1094 1695 1125 1720 et
1149 1694 1325 1727 monentes,
1351 1690 1498 1730 quatinus
1522 1690 1682 1730 prefatum
1706 1688 1931 1725 Ll‘udovicum)
1951 1698 2006 1718 ex-

358 1744 624 1773 communicatum
650 1746 682 1772 et
706 1743 744 1772 de
771 1743 874 1772 heresi
898 1746 931 1772 ut
957 1742 1130 1782 predicitur
1154 1742 1422 1781 condempnatum
1450 1744 1600 1781 tanquam
1625 1740 1686 1771 Dei
1710 1741 1845 1778 hostem.
1871 1740 2006 1770 ecclesie

312 1828 318 1834 ,
358 1795 502 1825 Romane
528 1794 680 1824 rebellem
708 1797 738 1823 ct
760 1794 1032 1824 abhominaudum
1057 1793 1263 1824 desolationis
1281 1793 1388 1823 dolum
1407 1792 1610 1823 abhorrendo
1629 1793 1761 1832 eiusque
1780 1792 1919 1822 semitas.
1945 1802 2006 1831 que

358 1856 512 1886 s‹1›quaces
537 1856 644 1875 [nuum
670 1845 787 1875 ducunt
812 1846 841 1875 in
866 1846 1078 1885 precipitium,
1104 1855 1307 1885 summopere
1335 1844 1524 1874 declinando
1549 1844 1588 1874 ab
1607 1843 1721 1874 eadem
1740 1843 1825 1873 Urbe
1843 1843 2006 1883 ipsiusque

359 1897 501 1926 districtu
527 1900 677 1936 <plantum
704 1897 733 1926 in
760 1897 805 1925 eis
831 1897 888 1926 erit
914 1896 1078 1937 expellere
1097 1900 1128 1926 et
1150 1897 1253 1927 eicere
1272 1895 1421 1926 studeant
1446 1906 1503 1926 nec
1527 1895 1632 1925 eidem
1657 1898 1807 1934 tanquam
1833 1894 1914 1929 duci.
1939 1894 2006 1935 regi

359 1949 407 1977 w]
433 1949 627 1987 imlwratori.
652 1947 801 1978 senatori.
828 1949 942 1977 rectori
968 1958 1023 1978 seu
1048 1948 1176 1978 domino
1202 1951 1345 1988 parcant.
1371 1947 1532 1982 obediant,
1558 1946 1686 1976 faveant
1711 1946 1760 1976 vel
1785 1945 1951 1976 intendant
1976 1946 2007 1975 in

359 1999 446 2029 Vrbe
472 2000 519 2029 vel
546 2002 633 2029 extra
661 2000 770 2039 quavis
796 2000 961 2029 occasione
987 2000 1036 2029 vel
1062 2010 1166 2035 causa.
1192 2000 1265 2039 quin
1292 2000 1396 2038 potius
1413 1998 1575 2028 subtracto
1594 1998 1653 2028 sibi
1671 1998 1782 2038 quovis
1803 1997 2006 2036 commercio7

360 2050 499 2080 subsidio
525 2054 556 2079 ct
581 2051 713 2080 auxilio.
746 2050 861 2080 exinde
886 2050 1018 2080 viriliter
1042 2051 1206 2081 climinare
1236 2054 1418 2091 procurent.
1453 2050 1557 2080 eidem
1586 2050 1805 2089 imposterum,
1835 2059 1930 2088 quam
1955 2048 2008 2078 diu

361 2106 451 2132 extra
480 2102 734 2131 c·nnmunioncm
767 2101 908 2132 fidelium
939 2106 969 2132 ct
999 2102 1133 2142 gratiam
1159 2102 1305 2132 Romane
1337 2102 1471 2132 ecclesie
1502 2101 1611 2133 fuerit.
1644 2101 1725 2131 sicut
1754 2110 1834 2130 nunc
1869 2101 2007 2130 existere

361 2153 546 2187 dinoscitur,
578 2153 758 2182 nullatcnus
786 2153 944 2183 adhesuri.
991 2153 1062 2183 Non
1095 2153 1293 2183 obstantibus
1325 2153 1576 2193 quil·›uscumque
1608 2151 1884 2189 conventionum.
1918 2151 2007 2181 eolli-

360 2203 549 2244 gationibus.
576 2203 776 2233 sotietatibus
801 2204 849 2234 vel
876 2204 1075 2243 pactionibus
1100 2204 1192 2234 factis
1217 2215 1288 2234 eum
1313 2205 1381 2244 ipso
1407 2204 1539 2234 forsitan
1564 2203 1613 2234 vel
1638 2203 1733 2239 initis.
1759 2203 1884 2233 etiamsi
1908 2203 2007 2243 penis.

361 2255 617 2295 obligationilnis.
642 2255 827 2284 iuramentis
852 2258 905 2284 aut
930 2255 1092 2295 quibusvis
1117 2256 1187 2285 aliis
1210 2256 1413 2286 firmitatibus
1438 2256 1613 2285 existerent
1636 2255 1795 2288 roborate.
1822 2264 1899 2294 quas
1923 2254 2010 2283 velut

361 2310 470 2337 contra.
487 2307 603 2336 bonum
623 2307 709 2346 pacis
727 2310 758 2336 et
776 2306 804 2335 in
823 2306 1048 2336 detrimentum
1074 2308 1249 2346 reipublice
1275 2307 1447 2347 divineque
1464 2307 1642 2337 maiestatis
1660 2306 1813 2336 offensam
1839 2316 1875 2335 ac
1895 2306 2009 2335 nostris

360 2358 576 2398 processibus.
608 2357 833 2387 monitionilms
862 2357 1040 2388 salubribus
1066 2364 1097 2388 et
1121 2359 1280 2389 mandatis
1306 2359 1426 2395 obvias,
1451 2361 1653 2399 presumptas
1678 2357 1855 2387 temerariis
1880 2356 2009 2386 ausibus

362 2413 394 2439 ct
418 2409 510 2438 initas
535 2418 655 2437 cassas.
680 2408 781 2437 nullas
806 2412 837 2438 et
862 2409 966 2438 irritas
991 2410 1172 2440 nuntiamus
1197 2421 1316 2450 easque
1342 2421 1503 2440 cassamus
1528 2413 1560 2440 et
1584 2410 1751 2441 irritamus,
1777 2409 1857 2438 sicut
1880 2418 2009 2448 proces-

362 2463 470 2490 serunt
494 2460 533 2489 de
558 2460 657 2489 facto.
689 2459 910 2490 nichilominus
935 2461 975 2490 ad
1001 2462 1157 2492 cautelam
1184 2472 1283 2502 penas
1307 2462 1449 2492 adiectas
1475 2466 1506 2491 et
1530 2462 1708 2491 iuramenta
1732 2471 1827 2500 super
1852 2460 1910 2490 hoc
1935 2469 2007 2500 pre-

362 2512 444 2542 stita.
468 2522 537 2541 cum
563 2522 599 2540 ea
625 2511 782 2540 vinculum
809 2512 983 2551 iniquitatis
1009 2523 1077 2542 css(¹
1103 2524 1163 2542 non
1190 2513 1339 2544 debeant.
1365 2514 1461 2543 etiam
1486 2513 1678 2543 relaxantes.

471 2565 497 2591 7.
534 2562 597 2591 Per
627 2561 707 2591 bunc
737 2566 842 2591 autem
876 2573 1059 2602 processum
1091 2565 1204 2594 nostris
1233 2565 1302 2594 aliis
1333 2567 1442 2594 contra
1473 2564 1590 2593 dictum
1619 2563 1843 2601 Ltudovicum)
1877 2563 2007 2602 eiusque

362 2614 534 2653 complices
559 2616 589 2643 ct
615 2614 755 2642 fautores
780 2613 980 2652 p1·‹1›cessibus
1005 2614 1136 2644 diversis
1161 2615 1358 2655 temporibus
1383 2615 1499 2645 habitis
1517 2614 1718 2655 preiudicare
1735 2624 1797 2644 non
1814 2613 2008 2644 intendimus

466 2723 490 2747 1>
513 2721 586 2746 Pror.
604 2727 638 2748 IL).
654 2726 694 2747 ΞΝ,

2023 669 2046 687 10

2024 926 2048 944 15

2025 1182 2049 1201 20

2025 1440 2049 1458 25

2027 1696 2052 1715 30

2027 1952 2052 1971 35

2028 2211 2053 2229 4⁰

2028 2468 2055 2486 45
