2205 3025
328 995 380 1015 Dec.

288 1305 339 1324 Dec.
349 1308 380 1325 255,

395 131 458 158 2⁸0
636 125 730 151 ACTA
753 123 862 149 REGNI
883 123 1064 149 LUDEWICI
1085 122 1130 148 1V.
1150 122 1195 147 ET
1216 122 1397 148 FRIDERIUI
1418 122 1465 148 111.
1501 121 1576 148 1327,
1614 121 1661 147 Nr.
1674 122 1731 147 375.
1751 122 1809 148 376.

397 213 546 243 duximus
579 211 767 240 fiducialiter
799 208 1056 244 trasmictendos,
1091 212 1262 249 eapropter
1295 207 1455 238 maiestati
1483 210 1588 238 vestre
1624 207 1786 238 humiliter
1817 209 2044 249 supplicamus,

396 270 429 293 nt
461 262 610 303 quicquid
643 262 716 291 dicti
748 260 869 300 syndici
901 260 999 290 nostri
1029 270 1069 290 ex
1100 263 1191 300 parte
1223 263 1331 290 nostra
1361 262 1510 290 oretenus
1534 262 1639 289 vestre
1668 260 1827 289 maiestati
1859 260 1928 291 vive
1957 261 2045 290 vocis

397 314 524 344 oraculo
550 313 688 343 dixerint
711 322 806 352 super
823 311 962 342 adventu
979 315 1083 342 vestre
1101 312 1278 342 maiestatis
1302 314 1334 341 et
1355 311 1429 341 dicti
1455 312 1554 351 geniti
1579 310 1674 341 vestri
1701 310 1741 341 ad
1758 311 1917 351 prefatam
1934 310 2045 341 urbem

397 371 428 395 et
452 375 546 405 snper
569 375 660 394 mora
677 363 761 393 dicte
786 363 940 393 consortis
964 362 1079 403 prefati
1105 363 1180 393 dicti
1204 362 1323 393 domini
1350 362 1496 403 Symonis
1512 363 1543 392 in
1567 362 1646 392 urbe
1664 363 1733 402 ipsa
1757 361 1906 402 dignetur
1930 362 2044 393 eadem

396 417 545 446 maiestas
571 416 680 455 eisque
697 418 861 455 tamquam
886 414 978 444 nobis
1002 414 1098 444 fidem
1116 414 1280 445 credulam
1304 413 1458 444 adhibere
1476 414 1627 454 ipsosque
1652 423 1748 454 super
1771 413 1830 443 hiis
1847 413 2044 454 benignitate

396 466 489 496 solita
514 465 677 501 exaudire,
702 466 726 495 si
752 466 866 506 placet.

504 526 661 566 Scriptum
686 526 716 555 in
741 525 819 556 urbe
844 525 988 566 predicta
1012 527 1046 555 ut
1070 535 1175 565 supra.

844 665 927 699 376.
970 664 1143 708 Scriptum
1172 664 1326 698 alteram.
1434 664 1514 698 Dec.
1536 665 1597 698 138.

507 739 604 778 (sapia,
630 746 680 778 (c.)
708 739 816 770 ibidem
840 738 893 776 fol.
911 742 973 771 27¹.
1002 756 1043 760 —
1072 738 1134 769 Ed.
1160 738 1178 769 l.
1195 748 1219 770 c.
1237 748 1271 776 p.
1290 738 1382 768 LIII
1400 748 1449 768 ην.
1465 738 1507 766 2-0
1531 748 1569 768 ew
1593 748 1618 768 c.
1665 737 1844 769 Editionem
1868 739 2044 776 repetimus.

503 833 662 864 XXVIII.
681 833 879 865 Decembris.
904 833 961 863 XI.
980 833 1155 863 indicionis.

503 884 599 916 Sacre
626 885 711 925 regie
736 885 895 915 maiestati
984 885 1174 914 universitas
1197 893 1253 913 sue
1283 883 1382 914 felicis
1406 884 1492 914 urbis
1516 883 1668 915 Panormi
1757 895 1907 915 manuum
1938 886 2046 916 oscula

397 941 428 967 et
453 936 559 967 debite
584 936 746 967 fidelitatis
770 936 934 976 obsequia.

503 987 605 1028 Regio
630 987 826 1018 celsitudinis
850 997 957 1018 sacros
982 988 1104 1027 apices„
1135 997 1215 1027 quos
1239 987 1341 1028 pridie
1366 987 1447 1017 infra
1478 991 1660 1027 presentem
1690 997 1832 1018 mensem
1857 987 2046 1019 Decembris

394 1039 485 1070 nobis
509 1039 571 1069 suis
588 1039 736 1069 fidelibus
753 1038 884 1079 dignata
902 1039 1008 1069 extitit
1025 1039 1184 1069 destinare
1202 1042 1233 1069 et
1258 1049 1315 1079 per
1333 1049 1387 1069 eos
1411 1039 1504 1069 solita
1528 1038 1726 1079 benignitate
1751 1038 1943 1076 describere,
1966 1050 2044 1080 qua-

395 1091 467 1121 liter
491 1091 595 1121 nnncii
618 1094 649 1121 et
673 1090 908 1121 ambassatores
932 1090 1191 1121 excellentissimi
1216 1089 1335 1120 domini
1352 1090 1570 1121 Romanorum
1595 1090 1680 1131 regis
1704 1101 1831 1131 semper
1854 1091 1981 1132 augusti
2005 1091 2045 1122 ad

398 1142 491 1172 vestri
516 1142 661 1172 culminis
677 1142 873 1182 presenciam
891 1142 1056 1172 venientes
1081 1141 1241 1177 affectum,
1268 1152 1362 1182 quem
1382 1141 1468 1171 idem
1493 1141 1639 1172 dominus
1656 1141 1875 1172 Romanorum
1893 1153 1949 1173 rex
1966 1153 2044 1184 erga

398 1193 600 1223 maiestatem
618 1197 756 1223 vestram
781 1194 863 1233 gerit
888 1197 919 1223 et
943 1192 1050 1231 habet,
1076 1203 1134 1223 nec
1158 1193 1261 1223 minus
1286 1193 1461 1223 exforcium
1487 1197 1519 1223 et
1546 1193 1727 1233 potenciam
1753 1193 1820 1224 eius
1844 1194 1875 1223 111
1902 1194 2045 1224 multitu—

397 1244 468 1274 dine
502 1244 643 1284 equitum
679 1248 711 1274 et
744 1244 879 1274 aliorum
914 1245 1145 1284 armigerorum
1177 1244 1347 1284 plurimum
1379 1245 1509 1284 eopiosa
1545 1248 1577 1274 et
1608 1244 1734 1274 felicem
1765 1245 1833 1275 eius
1863 1245 1903 1275 ad
1934 1245 2046 1276 urbem

397 1295 576 1325 Romanam
614 1306 817 1336 pmgressum
854 1299 885 1325 et
920 1294 1028 1337 [quod]
1061 1295 1136 1325 inibi
1174 1295 1256 1325 festo
1288 1295 1472 1326 Nativitatis
1509 1295 1666 1326 dominice
1697 1295 1859 1326 celebrato
1894 1297 2048 1327 instanter

398 1346 513 1376 deinde
545 1345 609 1387 [adl
640 1350 747 1386 partes
787 1347 876 1387 ‘tegni
908 1347 1057 1387 proponit
1085 1347 1125 1377 ad
1155 1346 1293 1377 rebelles
1322 1350 1354 1377 et
1382 1347 1490 1377 hostes
1519 1347 1643 1387 imperii
1675 1347 1922 1385 conculcandos,
1950 1348 2046 1379 fidem

398 1408 524 1427 sumens
548 1408 587 1427 ex
613 1399 728 1427 virtute
746 1398 899 1428 Altissimi
918 1402 949 1428 et
973 1399 1002 1427 111
1028 1398 1187 1438 prelibata
1211 1399 1315 1438 gentis
1339 1409 1394 1428 sue
1420 1402 1555 1438 experta
1579 1399 1767 1429 strenuitate
1794 1399 1966 1438 confidens,
1991 1398 2047 1441 [et]

397 1460 454 1488 per
471 1449 568 1489 ipsius
584 1449 688 1490 Regni
706 1454 812 1489 partes
828 1449 948 1490 absque
966 1450 1150 1480 resisteneia
1167 1450 1346 1490 aliquorum
1364 1449 1494 1480 viriliter
1511 1453 1543 1480 et
1567 1449 1736 1480 salubriter
1760 1450 1914 1490 equitare⁷
1940 1451 2046 1482 excel-

398 1500 498 1530 lencie
516 1504 618 1530 vestre.
644 1500 780 1531 discrete
798 1504 830 1531 et
853 1501 997 1531 ordinate
1015 1505 1047 1530 111
1070 1501 1176 1531 decuit
1193 1506 1419 1541 exln‘esserunt
1437 1505 1467 1531 et
1485 1502 1686 1531 maiestatem
1712 1504 1849 1532 vestram
1876 1512 1932 1542 pro
1957 1506 2047 1543 parte

397 1552 494 1591 ipsius
523 1552 640 1582 1101111111
670 1553 754 1592 regis
778 1552 990 1582 amicabiliter
1018 1552 1208 1592 requirendo
1238 1556 1399 1591 rogarunt,
1429 1556 1463 1582 ut
1495 1553 1601 1582 navali
1631 1553 1774 1582 exercitu
1804 1556 1900 1593 atque
1930 1553 2047 1584 milicia

399 1604 509 1633 vestris
534 1605 694 1644 prcpamti
719 1613 750 1634 et
774 1605 885 1634 muniti
911 1608 1066 1644 qnatenus
1091 1605 1218 1644 possitis
1242 1604 1283 1634 ad
1308 1615 1391 1642 eum,
1423 1603 1521 1645 [quia]
1549 1604 1750 1634 maiestatem
1775 1608 1912 1634 vestram
1938 1604 2047 1635 videre

400 1656 638 1694 presencialiter
666 1656 827 1694 affectata7
861 1655 1022 1686 accedatis
1053 1656 1188 1686 celerius
1221 1656 1271 1686 vel
1303 1656 1417 1686 saltem
1453 1657 1578 1686 interim
1611 1659 1750 1686 vestrum
1785 1656 1963 1695 consilium,
1998 1658 2047 1687 cui

399 1707 547 1746 proponit
580 1707 720 1737 totaliter
754 1707 899 1737 inherere
934 1718 1030 1747 super
1054 1707 1186 1747 agendis
1223 1717 1279 1747 per
1309 1718 1396 1746 enm,
1432 1718 1580 1747 promere
1609 1707 1786 1746 debeatisb,
1815 1707 2049 1738 addieientibus

400 1758 495 1787 01111111
521 1758 641 1788 nunciis
666 1759 864 1789 memoratis.
895 1758 979 1798 quod
1005 1758 1151 1788 dominus
1176 1759 1244 1798 ipse
1269 1769 1325 1788 rex
1351 1758 1461 1799 galeas
1493 1759 1723 1799 quinquaginta
1748 1758 1991 1789 Sahoniensium
2018 1762 2049 1789 et

399 1809 597 1847 Pisanorum,
623 1809 663 1839 ad
688 1820 766 1849 quas
790 1809 960 1839 armandas
985 1820 1018 1839 se
1043 1810 1128 1850 ipsos
1152 1813 1346 1850 spontaneos
1371 1809 1567 1847 obtulerunt7
1601 1809 1675 1840 facit
1699 1810 1815 1840 armari
1839 1810 1879 1840 ad
1909 1813 2047 1840 vestram

400 1861 598 1890 maiestatem
623 1861 652 1890 in
679 1860 818 1890 Siciliain
849 1860 1114 1891 transmictendas
1142 1861 1291 1902 quodque
1321 1871 1390 1891 cum
1421 1861 1522 1901 galeis
1553 1861 1628 1901 ipsis
1658 1864 1689 1891 et
1719 1864 1823 1892 vestro
1848 1861 1929 1891 stolo
1962 1861 2047 1891 felici

399 1911 531 1941 aliarum
561 1912 793 1952 quinquaginta
821 1922 878 1952 per
907 1912 1138 1942 excellenciam
1171 1916 1310 1943 vestram
1339 1912 1611 1952 preparamlarum
1642 1916 1829 1953 propterea,
1863 1923 1924 1953 que
1958 1916 2048 1943 erunt

400 1973 530 1992 numero
556 1963 691 1993 feliciter
713 1967 850 1995 centum,
875 1961 930 2004 [ut]
952 1963 992 1993 ad
1018 1963 1160 1993 ciusdem
1186 1963 1305 1994 domini
1331 1964 1415 2003 regis
1439 1965 1639 2004 presenciam
1665 1964 1884 1994 favorabiliter
1908 1967 1940 1994 01
1963 1965 2047 1994 salu-

400 2013 497 2043 briter
522 2018 627 2054 atque.
653 2019 686 2044 ut
711 2016 822 2044 vestris
847 2015 956 2055 geritis
981 2016 1086 2045 votive
1111 2015 1288 2054 affectibus,
1314 2026 1383 2046 cum
1410 2020 1497 2045 ecrta
1522 2015 1624 2045 electa
1649 2016 1765 2045 milicia
1789 2015 1923 2056 aliisque
1953 2016 2046 2046 armi-

400 2066 483 2104 geris
500 2067 635 2095 strenuis
656 2066 801 2095 fidelibus
820 2067 931 2096 vestris
952 2066 1125 2096 honorilice
1144 2067 1293 2097 maiestas
1310 2070 1415 2096 vestra
1433 2077 1466 2096 sc
1484 2067 1637 2104 conferat7
1661 2067 1891 2097 excellenciam
1908 2070 2047 2097 vestram

400 2116 536 2146 Domino
562 2116 718 2156 dirigente
744 2118 871 2156 paratis,
897 2122 990 2157 prout
1015 2118 1168 2157 premissa
1198 2122 1229 2148 et
1258 2118 1320 2148 alia
1345 2118 1374 2148 in
1399 2118 1520 2148 eisdem
1550 2118 1692 2158 apicibus
1721 2118 1814 2148 latius
1840 2121 1871 2148 et
1899 2118 2047 2148 seriosius

401 2168 630 2207 exprimuntur7
656 2167 765 2198 debita
789 2168 943 2199 fidelitate
968 2165 1138 2209 recipimus
1156 2173 1188 2199 ct
1209 2169 1393 2200 reverencia
1411 2173 1572 2199 consueta.
1663 2169 1785 2205 Quibus
1806 2169 1952 2199 omnibus
1976 2179 2047 2199 cum

400 2229 524 2249 summa
549 2218 723 2249 devocione
748 2220 876 2250 intentis
900 2221 1013 2250 animis
1038 2221 1263 2251 veliemcncius
1292 2221 1468 2261 perauditis
1493 2224 1524 2251 et
1552 2221 1797 2261 perspicacitate
1828 2220 1972 2261 qualibet
2000 2221 2047 2250 in-

400 2269 546 2308 tellectis,
571 2270 702 2309 grandia
728 2271 855 2310 gandia.
881 2282 942 2311 que
968 2272 1027 2301 dici
1054 2275 1185 2312 possunt
1206 2282 1280 2302 vere
1302 2272 1392 2302 nobis
1409 2271 1527 2312 gaudia
1544 2272 1745 2312 gaudiorum,
1771 2271 1917 2302 cordibus
1934 2272 2048 2301 nostris

400 2322 596 2361 suscepimus
621 2327 651 2351 et
676 2322 715 2351 de
741 2326 828 2352 tanto
854 2322 973 2352 domini
998 2324 1081 2364 regis
1107 2323 1254 2363 prelibati
1280 2323 1407 2361 effectu,
1433 2334 1494 2364 quo
1520 2334 1591 2353 011111
1617 2323 1715 2363 regali
1742 2326 1846 2353 vestra
1871 2323 2047 2363 perspicaci

401 2372 606 2412 providencia
637 2383 788 2413 operante
818 2374 976 2404 maiestati
1002 2379 1105 2405 vestre
1135 2376 1164 2404 in
1194 2376 1384 2406 immensum
1415 2375 1574 2405 noscimus
1602 2375 1775 2412 counitum,
1804 2384 1926 2414 suaque
1960 2377 2048 2404 tanta

401 2424 458 2453 sibi
489 2424 571 2454 adeo
604 2434 755 2454 concessa
784 2426 930 2464 potencia
960 2425 1113 2456 bellicosa
1141 2437 1177 2456 110
1206 2427 1273 2456 eins
1298 2430 1330 2457 et
1354 2426 1551 2456 excellencie
1581 2429 1685 2456 vestre
1711 2430 1775 2455 tam
1800 2425 1929 2455 utilibus
1954 2435 2048 2465 quam

401 2475 579 2505 salubribus
597 2475 703 2505 divina
727 2477 835 2515 gracia
853 2476 1029 2506 illustrante
1047 2478 1228 2517 propositis,
1254 2488 1293 2507 ex
1311 2478 1425 2518 quibus
1448 2475 1708 2518 exaltacioncim]
1733 2479 1833 2507 status
1858 2479 1889 2506 et
1913 2476 2050 2506 nominis

401 2526 517 2566 regalis
549 2527 694 2556 culminis
722 2528 816 2557 vestri
848 2531 879 2557 01
910 2528 1000 2557 nobis
1031 2531 1062 2558 et
1098 2528 1244 2558 fidelibus
1280 2529 1412 2567 singulis
1441 2529 1554 2559 vestris
1579 2528 1842 2568 tranquillitatem
1874 2530 1906 2557 et
1935 2537 2049 2567 pacem

402 2581 589 2618 propterea‘'
614 2578 738 2608 (fidu-isto
764 2578 890 2608 favente
917 2579 1073 2609 noscimus
1097 2579 1259 2613 affuturas,
1284 2580 1354 2610 Deo
1380 2580 1440 2611 celi
1466 2583 1497 2610 01
1520 2579 1604 2619 Regi
1628 2590 1738 2619 regum
1765 2579 1892 2609 domino
1922 2578 2047 2618 gracias

402 2634 432 2659 01
457 2629 567 2659 landes
593 2640 785 2669 quamquam
811 2630 928 2669 indigni
955 2631 1149 2660 incessanter
1178 2631 1345 2661 referimus
1370 2635 1400 2661 et
1425 2632 1453 2660 ei
1478 2641 1573 2671 prece
1604 2630 1713 2660 humili
1743 2630 1858 2670 iugiter
1888 2629 2047 2669 supplica-
2066 2643 2105 2661 ω’

504 2731 569 2756 376.
598 2736 619 2757 ιΊ1
638 2733 790 2756 ati‘ectarnnt
808 2733 846 2757 erl.
935 2731 958 2754 b,
978 2733 1101 2756 deberetis
1121 2732 1158 2755 erl,
1249 2732 1269 2756 sl
1290 2741 1423 2765 properare
1443 2733 1481 2758 erl.

2067 840 2090 858 10

2066 1100 2089 1118 15

2066 1358 2092 1376 ‘20

2068 1615 2092 1633 25

2067 2127 2091 2146 35

2067 2386 2094 2403 40
