2205 3025
486 153 583 179 ACTA
602 153 715 179 REGNI
735 153 919 179 LUDEWICI
939 153 985 179 IV.
1006 153 1049 179 ET
1070 153 1252 181 FRIDERICI
1274 155 1320 180 III.
1360 155 1433 181 1326.
1471 155 1516 180 ΝΥ.
1531 155 1589 182 240,
1800 160 1856 188 157

317 240 357 270 Et
374 241 475 281 primo
494 240 621 280 quando
638 240 814 280 imperator
830 239 917 271 vadit
932 239 1070 271 Romam
1087 240 1129 270 ad
1145 241 1380 282 suscipiendam
1398 251 1558 276 coronam,
1577 240 1674 272 debet
1692 242 1857 273 dominum

210 301 299 321 suum
317 292 460 322 asociare
479 291 528 322 vel
546 291 642 321 alium
662 291 789 321 domino
807 291 1039 332 acceptabilem
1066 301 1122 332 pro
1147 301 1181 322 se
1198 293 1326 323 mittere
1350 296 1405 322 aut
1422 292 1586 322 dimidium
1606 292 1747 324 redditus
1772 293 1859 324 feudi

211 342 301 372 unius
324 343 397 372 anni
422 342 527 373 eidem
551 342 800 372 subministrare.

320 392 467 423 Secundo
492 404 548 433 pro
573 393 731 434 imperiali
754 393 897 423 exercitu
922 392 971 423 vel
996 393 1128 424 coi-redo
1154 393 1250 424 debet
1274 393 1402 425 domino
1420 394 1564 425 conferre
1582 395 1755 426 secundum
1781 407 1857 437 qua-

167 455 178 473 5
210 444 333 474 1111110111
359 448 391 474 01
414 445 626 485 quantitatem
651 445 698 474 sui
723 444 820 474 feudi.

316 495 430 525 Tercio
469 495 614 526 similiter
651 495 748 526 debet
782 495 928 525 conferre
967 498 999 526 et
1037 495 1189 526 adiuvare
1225 496 1388 526 dominum
1427 497 1523 527 simili
1563 497 1658 528 modo
1698 508 1755 538 pro
1793 498 1858 528 filia

209 546 397 577 maritanda.

317 598 438 632 Quarto
463 608 520 638 pro
544 608 577 628 se
603 598 651 628 10]
678 598 742 627 filio
766 597 866 627 milite
892 597 1049 627 faciendo

316 649 433 684 Quinto
459 659 515 689 pro
541 648 670 678 domino
695 652 788 688 capto
815 647 1010 677 redimendo.

166 709 189 727 10
316 699 415 730 Sexto
442 710 498 739 pro
522 699 629 739 aliqua
654 704 737 728 terra
762 698 908 729 emenda.

316 749 357 780 Et
380 751 410 780 in
435 750 494 780 hiis
518 750 651 790 quisque
676 759 803 789 semper
827 749 1001 779 secundum
1026 750 1214 789 qualitatem
1239 754 1272 780 et
1296 751 1506 790 quantitatem
1532 752 1579 782 sui
1604 751 1698 782 feudi.
1745 751 1860 782 Preter

208 801 267 832 hee
292 804 418 831 tenetur
441 801 548 831 onmia
572 800 753 837 observare,
779 810 841 840 que
866 801 895 830 in
921 804 1120 831 sacramento
1146 800 1309 831 fidelitatis
1335 805 1493 832 caventur.

316 852 433 882 Forma
457 852 647 882 sacramenti
674 851 731 881 1100
757 855 821 881 cst:

315 920 400 950 ‘Iuro
426 930 486 961 ego
514 944 519 950 .
541 944 547 950 .
573 930 668 960 super
693 919 751 949 1100
777 923 886 949 sancta
912 919 972 949 Dei
998 920 1182 959 euangelia.
1208 919 1293 960 quod
1318 920 1358 949 ab
1384 920 1442 951 hac
1467 921 1518 950 die
1546 922 1672 951 inantea
1697 931 1796 960 usque
1821 921 1862 951 ad

166 983 188 1002 15
208 972 353 1002 ultimam
379 971 463 1002 diem
489 973 553 1002 vite
578 982 649 1001 mee
674 971 777 1001 tidelis
802 969 880 1012 [ero]
905 970 962 1000 tibi
987 970 1116 1000 domino
1142 974 1260 1005 nostro,
1285 975 1421 1011 excepto
1446 982 1541 1012 quam
1567 975 1675 1002 eontra
1700 972 1861 1002 dominum

208 1023 446 1063 imperatorem,
472 1027 503 1053 et
528 1022 612 1063 quod
631 1033 791 1062 nunquam
814 1022 951 1052 scienter
976 1032 1030 1051 ero
1055 1022 1084 1051 in
1110 1021 1241 1051 consilio
1260 1023 1309 1052 vel
1327 1023 1446 1053 auxilio
1470 1023 1519 1053 vel
1544 1024 1574 1053 in
1598 1023 1693 1058 facto,
1718 1023 1804 1063 quod
1828 1026 1861 1052 tu

208 1075 336 1105 amittas
361 1085 530 1115 personam
554 1078 608 1104 aut
625 1075 721 1104 vitam
740 1073 790 1104 vel
815 1073 993 1104 membrum
1018 1073 1147 1113 aliquod
1166 1073 1215 1103 vel
1233 1073 1318 1114 quod
1343 1077 1375 1103 tu
1393 1075 1528 1114 recipias
1544 1074 1683 1114 aliquam
1701 1074 1860 1104 lexionem

208 1126 257 1156 vel
282 1126 428 1156 iniuriam
454 1126 503 1155 vel
529 1125 755 1155 contumeliam
781 1125 830 1155 vel
857 1124 941 1164 quod
966 1128 997 1154 tu
1023 1123 1151 1154 amittas
1176 1125 1316 1165 aliquem
1342 1125 1511 1159 honorem„
1536 1135 1631 1165 quem
1656 1135 1736 1154 nunc
1761 1125 1862 1154 habes

208 1177 257 1207 vel
282 1178 411 1207 inantea
436 1178 478 1207 sis
501 1176 676 1207 habiturus.
722 1175 763 1206 Et
788 1177 812 1205 si
831 1177 952 1206 scivero
971 1175 1021 1205 vel
1038 1175 1190 1206 audivero
1217 1175 1256 1206 de
1274 1176 1392 1216 aliquo,
1417 1177 1468 1217 qui
1495 1176 1570 1206 velit
1587 1175 1707 1216 aliquid
1731 1176 1862 1205 istorum

164 1239 188 1257 20
208 1233 317 1259 eontra
342 1232 372 1258 te
391 1229 508 1260 facere.
534 1238 590 1268 pro
616 1238 709 1268 posse
726 1238 798 1257 meo
823 1230 858 1256 ut
882 1237 942 1256 11011
968 1227 1022 1257 fiat
1039 1226 1304 1267 impedimentum
1323 1227 1473 1267 prestabo
1498 1231 1530 1258 et
1554 1228 1578 1257 si
1596 1227 1860 1267 impedimentum

208 1284 352 1320 prestare
376 1280 561 1320 nequivero,
587 1289 681 1319 qnam
707 1279 803 1309 cicius
828 1281 940 1318 potero
966 1278 1022 1308 tibi
1040 1278 1198 1308 nunciabo
1223 1282 1381 1308 0100111111
1406 1289 1477 1309 eum
1502 1282 1536 1309 ut
1552 1282 1665 1319 potero
1683 1278 1739 1308 tibi
1756 1288 1861 1308 meum

208 1331 358 1371 prestabo
383 1330 546 1361 auxilium.
594 1330 633 1360 Et
658 1331 681 1359 si
705 1330 875 1369 contigerit
899 1334 929 1359 te
955 1340 1021 1359 rem
1039 1330 1179 1370 aliquam
1205 1341 1299 1371 quam
1324 1329 1424 1360 habes
1449 1331 1498 1360 vel
1523 1330 1657 1360 habebis
1681 1330 1794 1360 iniuste
1814 1330 1862 1359 vel

209 1382 339 1413 fortuito
364 1393 439 1412 casu
457 1382 638 1415 admittere,
665 1392 736 1411 eam
762 1384 792 1411 te
811 1391 1002 1421 recuperare
1020 1380 1136 1411 iuvabo
1161 1384 1193 1411 et
1210 1385 1431 1421 recuperatam
1450 1382 1534 1411 omni
1552 1384 1696 1421 tempore
1714 1381 1860 1411 retinere.

208 1433 249 1463 Et
272 1434 297 1463 si
322 1435 444 1464 scivero
474 1437 504 1463 te
530 1433 612 1463 velle
647 1433 728 1462 iuste
754 1432 918 1462 offendere
943 1432 1083 1472 aliquem
1116 1436 1147 1463 ct
1176 1432 1249 1463 inde
1274 1433 1456 1473 specialiter
1480 1433 1529 1462 vel
1553 1432 1748 1472 generaliter
1771 1432 1861 1462 fuero

169 1495 193 1513 25
212 1486 396 1526 requisitus.
426 1495 533 1516 meum
559 1485 614 1515 tibi
640 1484 790 1525 prestabo
816 1484 981 1517 auxilium,
1007 1484 1087 1513 sicut
1112 1487 1234 1524 potero.
1282 1484 1322 1514 Et
1352 1485 1377 1513 si
1407 1483 1527 1524 aliquid
1556 1483 1650 1513 michi
1679 1483 1709 1513 in
1737 1486 1860 1513 secreto

209 1537 482 1571 manifestaveris,
514 1536 591 1566 illud
624 1537 690 1566 sine
721 1540 775 1566 tua
803 1536 936 1565 licencia
966 1536 1084 1565 nemini
1115 1535 1251 1575 pandam
1278 1535 1328 1565 vel
1358 1546 1415 1575 per
1443 1535 1526 1576 quod
1554 1535 1710 1575 pandatur
1735 1533 1859 1564 faciam.

209 1588 297 1618 Etsi
323 1589 486 1619 consilium
517 1599 535 1618 a
563 1599 614 1618 me
644 1598 740 1628 super
768 1588 853 1618 facto
884 1587 990 1627 aliquo
1020 1587 1246 1627 postulaveris,
1276 1587 1353 1616 illud
1385 1587 1439 1617 tibi
1469 1586 1551 1617 dabo
1582 1586 1747 1616 eonsilium
1777 1584 1861 1625 quod

209 1639 305 1669 11110111
338 1641 441 1679 magis
472 1640 632 1670 videbitur
666 1639 721 1669 tibi
756 1639 920 1679 expedire.
980 1637 1021 1668 Et
1051 1649 1211 1679 nunquam
1246 1649 1284 1669 ex
1318 1649 1388 1668 mea
1423 1648 1559 1678 persona
1592 1636 1711 1677 aliquid
1746 1636 1861 1666 faciam

209 1691 355 1722 scienter.
381 1691 466 1731 quod
492 1692 650 1731 pertineat
675 1691 714 1721 ad
740 1694 827 1720 tuam
854 1690 903 1720 vel
929 1693 1054 1719 tuorum
1080 1690 1225 1719 iniuriam
1252 1690 1300 1719 101
1326 1688 1573 1719 contumeliam'.

165 1801 190 1819 ³0
317 1784 377 1819 Qui
403 1783 532 1814 domino
558 1794 614 1813 suo
642 1784 831 1814 fidelitatem
856 1784 949 1815 iurat,
975 1784 1032 1813 ista
1058 1794 1115 1813 sex
1140 1794 1269 1824 semper
1292 1784 1322 1813 in
1348 1784 1535 1814 memoriam
1561 1782 1658 1813 debet
1682 1782 1814 1812 habere:

316 1835 480 1865 Incolume
570 1835 686 1865 Tutum
780 1835 965 1865 Honestum
1056 1834 1142 1865 Utile
1232 1835 1340 1865 Facile
1430 1834 1598 1865 Possibile.

317 1886 480 1916 Incolume
570 1885 720 1916 videlicet
744 1897 783 1917 nc
808 1888 846 1916 sit
871 1887 900 1916 111
926 1886 1064 1927 dampno
1090 1886 1217 1917 domino
1243 1897 1299 1917 suo
1325 1887 1363 1916 de
1389 1896 1522 1926 corpore
1546 1897 1612 1915 suo.

316 1937 433 1968 Tutum
522 1948 560 1968 ne
585 1938 625 1967 sit
650 1937 754 1968 eidem
785 1938 814 1967 111
839 1938 978 1978 dampno
1010 1937 1048 1967 de
1074 1942 1198 1968 secreto
1223 1948 1279 1968 suo
1305 1938 1354 1968 vel
1380 1937 1418 1967 de
1445 1937 1675 1967 mouit-ionibus
1699 1936 1776 1972 suis,
1805 1945 1863 1975 per

209 1999 286 2029 quas
310 1993 395 2019 tutus
420 2000 490 2020 esse
515 1992 630 2030 potest

164 2056 189 2075 35
314 2040 495 2071 Honestum
585 2051 623 2070 ne
648 2041 687 2070 sit
713 2039 818 2070 eidem
843 2040 872 2069 in
898 2039 1038 2080 dampno
1070 2039 1109 2070 de
1138 2050 1194 2070 sua
1220 2040 1342 2070 iusticia
1373 2040 1420 2069 vel
1450 2040 1490 2070 de
1515 2039 1584 2069 aliis
1609 2039 1710 2069 causis
1735 2047 1795 2078 que
1820 2036 1861 2066 ad

209 2091 408 2123 honestatem
433 2093 532 2133 ipsius
556 2092 717 2132 pertinere
742 2095 922 2121 noscuntur.

316 2143 402 2174 Utile
490 2154 529 2174 ne
555 2144 594 2173 sit
618 2143 723 2174 cidcm
748 2143 777 2172 in
803 2142 941 2183 dampno
967 2142 1006 2172 de
1031 2143 1094 2172 suis
1118 2142 1382 2183 possessionibus.

315 2195 423 2225 Facile
510 2205 549 2224 ne
575 2195 606 2224 id
631 2194 749 2224 bonum
775 2194 859 2234 quod
885 2194 1031 2224 dominus
1054 2193 1168 2224 leviter
1192 2194 1297 2225 facere
1323 2197 1439 2234 potest,
1465 2193 1560 2223 faciat
1584 2193 1612 2223 ei
1638 2191 1775 2222 difficile.

316 2245 473 2277 Possibile
563 2256 601 2276 ne
627 2245 657 2275 id
683 2245 769 2286 quod
793 2245 945 2285 possibile
971 2249 1040 2275 erat
1065 2245 1205 2285 domino,
1230 2247 1259 2276 ei
1285 2245 1398 2276 reddat
1422 2244 1628 2285 in1p‹‚›ssibilc

165 2313 191 2330 40
316 2297 359 2328 Ut
389 2297 492 2327 fidelis
520 2297 578 2327 hee
603 2296 796 2327 documenta
828 2300 941 2327 caveat
969 2297 1085 2327 iustum
1117 2301 1178 2335 est,
1214 2301 1262 2328 set
1291 2307 1388 2338 quare
1416 2307 1478 2327 non
1507 2296 1623 2326 sufficit
1653 2295 1812 2325 abstinere
1842 2304 1859 2323 a

207 2348 307 2386 malo,
338 2349 397 2378 nisi
432 2348 517 2389 quod
550 2348 667 2378 bonum
699 2352 748 2379 est
778 2348 885 2380 faciat.
915 2350 1060 2388 sequitur
1092 2352 1126 2378 ut
1155 2359 1250 2390 super
1278 2348 1420 2388 predicta
1451 2347 1615 2377 consilium
1648 2350 1679 2376 et
1707 2345 1859 2375 auxilium

209 2398 338 2430 domino
363 2410 419 2430 suo
445 2403 588 2440 prestare
615 2399 742 2432 debeat.
768 2400 792 2429 si
818 2399 884 2428 vult
909 2399 1062 2429 beneficio
1088 2400 1201 2441 dignus
1225 2410 1304 2430 esse.
