2205 3025
500 128 596 171 ACTA
617 128 729 155 REGNI
749 127 933 156 LUDEWICI
952 129 998 155 IV.
1017 128 1063 155 ET
1084 128 1266 155 FRIDERIOI
1286 129 1334 155 III.
1372 129 1446 155 1329.
1482 129 1528 155 Nr.
1543 129 1601 156 602.
1811 131 1872 160 503

332 217 360 246 3.
397 215 580 246 Statuentes
601 218 633 245 et
650 215 806 256 imperiali
824 215 929 246 edicto
947 216 1149 253 sanotientes,
1174 218 1208 246 ut
1230 225 1334 256 neque
1353 215 1611 256 archiepiscopus
1629 215 1743 256 aliquis
1767 225 1872 255 neque

224 267 393 308 episcopus
423 276 527 307 neque
559 266 623 296 dux
651 277 755 307 neque
786 267 928 298 marchio
957 277 1061 307 neque
1091 277 1198 297 comes
1226 276 1330 307 neque
1363 267 1550 307 capitaneus
1577 276 1681 307 neque
1710 266 1874 296 valvassor

222 328 327 358 neque
352 321 458 348 rector
481 318 594 358 aliquis
619 320 674 348 aut
697 321 842 358 potestas
867 318 974 359 aliqua
1004 328 1107 358 neque
1133 317 1277 348 eonsules
1301 317 1401 358 aliqui
1424 328 1528 358 neque
1553 317 1664 347 civitas
1687 317 1795 358 aliqua
1818 320 1873 347 aut

223 380 357 401 comune
386 370 524 400 civitatis
553 369 684 409 aliquod
713 372 767 399 aut
792 369 899 409 aliqua
927 369 1064 410 denique
1100 379 1237 409 persona
1269 379 1368 409 parva
1399 369 1450 398 vel
1478 378 1608 408 magna,
1642 368 1794 398 secularis
1822 368 1874 399 vel

192 436 203 454 5
225 420 443 451 ecelesiastica
471 420 544 450 111110
570 423 678 450 nostro
703 419 872 460 privilegio
902 419 1032 450 obviare
1060 424 1116 450 aut
1143 420 1250 460 aliquo
1274 419 1463 449 temeritatis
1488 429 1567 449 ausu
1590 423 1754 459 presumat
1779 419 1872 450 eumh

222 472 394 512 infringere
430 474 484 502 aut
515 471 699 511 sepedictos
727 471 961 502 Cremonenses
992 475 1024 501 et
1054 482 1164 501 eorum
1193 482 1325 502 comune
1356 472 1388 500 in
1419 471 1565 501 omnibus
1595 481 1655 511 que
1688 471 1772 501 dicta
1801 474 1874 502 sunt

223 524 331 564 aliquo
345 523 472 553 lesionis
489 522 584 553 modo
600 522 788 563 perturbare
806 526 861 552 aut
877 523 1048 553 molestare
1069 526 1250 562 attemptet.
1286 522 1380 558 Quod
1397 523 1450 562 qui
1475 521 1596 560 fecerit,
1622 522 1873 562 indignationem

222 578 363 604 nostram
389 577 421 604 et
445 584 560 614 penam
586 574 755 614 sexaginta
780 574 931 604 librarum
956 574 1025 604 auri
1048 574 1118 614 puri
1142 585 1175 605 se
1200 575 1325 604 noverit
1348 575 1560 610 incursurum,
1585 573 1794 604 medietatem
1819 584 1871 604 ca-

223 635 311 656 mere
335 628 442 655 nostre
467 629 499 655 et
522 625 678 666 reliquam
704 625 914 655 medietatem
940 626 1040 665 passis
1064 625 1211 655 inim-iam
1235 625 1490 665 persolvendam.

182 689 204 707 io
598 677 638 706 A.

181 944 204 962 1⁵

180 1199 205 1218 20

180 1455 205 1475 25

268 1600 310 1630 Ut
327 1602 434 1630 autem
452 1609 582 1640 presens
604 1599 806 1639 privilegium
825 1598 921 1629 robur
939 1599 1021 1629 obti-

225 1654 300 1681 neat
312 1654 467 1691 perpetue
484 1650 652 1687 firmitatis,
667 1660 798 1690 presens
818 1650 1022 1690 privilegium

180 1713 206 1730 ³0
225 1701 298 1732 inde
323 1702 391 1732 fieri
416 1706 448 1732 et
471 1701 574 1742 sigillo
599 1705 705 1732 nostre
730 1701 907 1732 maiestatis
931 1702 1021 1731 iussi-

224 1764 294 1783 mus
318 1753 514 1783 communiri.

267 1804 341 1834 Dat.
359 1803 474 1844 Papie,
500 1803 673 1844 vigesimak
698 1804 800 1844 prima
825 1803 876 1834 die
906 1804 1023 1834 mensis

223 1855 320 1892 Iunii,
354 1854 545 1885 duodecima
576 1854 745 1893 indicione,
782 1865 864 1885 anno
894 1855 1022 1885 Domini

223 1907 391 1937 millesimo
409 1907 635 1937 trecentesimo
649 1907 803 1947 vigesimo
822 1917 916 1945 nono,
933 1907 1022 1947 regni

180 1967 205 1986 35
224 1959 322 1988 nostri
345 1968 427 1989 anno
452 1957 700 1998 quintodecimo,
725 1958 849 1997 imperii
871 1967 947 1988 vero
972 1968 1021 1988 39-

224 2009 338 2040 eundo.

180 2225 206 2243 40

181 2480 206 2498 45

1451 676 1488 706 Β.

1117 730 1144 757 4.
1179 726 1283 756 Huius
1311 730 1418 757 antem
1443 730 1548 757 nostre
1572 727 1752 757 serenitatis
1776 727 1872 767 privi-

1074 778 1192 817 legium
1216 778 1391 818 gratiosum
1422 778 1565 818 optinere
1589 777 1736 808 volumus
1763 781 1795 808 et
1818 787 1872 808 va-

1073 829 1140 859 lere
1180 829 1266 859 nulla
1304 829 1376 869 lege
1420 829 1571 870 nulloque
1611 829 1778 869 privilegio
1818 838 1875 868 per

1075 883 1198 910 nostros
1222 880 1469 920 predecessores
1493 881 1651 910 concessis
1675 879 1874 910 obstantibus

1073 931 1125 961 1110
1150 931 1245 961 1110ᾶο
1270 941 1329 961 1190
1359 932 1457 961 etiam
1486 932 1545 961 ulis
1570 931 1673 961 verbis
1701 930 1872 971 derogato-

1075 982 1138 1019 riis,
1162 982 1235 1022 lege
1252 982 1360 1022 aliqua
1376 983 1428 1013 vel
1451 982 1618 1023 privilegio
1638 982 1745 1022 aliquo
1763 982 1874 1022 positis

1075 1033 1124 1063 vel
1142 1034 1275 1071 insertis„
1300 1035 1424 1064 etiamsi
1442 1034 1481 1064 de
1499 1034 1574 1074 ipsis
1598 1034 1682 1073 lege,
1706 1033 1872 1074 privilegio

1074 1088 1170 1125 atque
1201 1084 1306 1114 verbis
1334 1085 1528 1115 mentionem
1558 1084 1609 1115 vel
1638 1084 1873 1125 appositionem

1075 1139 1239 1175 oporteret
1263 1136 1293 1166 in
1318 1136 1377 1165 1100
1402 1136 1471 1166 fieri
1488 1135 1672 1176 specialem,
1696 1146 1754 1166 1190
1776 1136 1872 1165 etiam

1075 1187 1126 1217 1110
1145 1187 1219 1217 111110
1237 1190 1343 1217 nostre
1366 1188 1482 1227 pagine
1500 1187 1663 1217 obstaculo
1681 1186 1873 1225 inferrendo⁷

1075 1249 1113 1268 eo
1138 1238 1223 1278 quod
1249 1239 1407 1278 scriptura
1432 1248 1591 1278 purpurea
1608 1249 1671 1267 non
1695 1238 1734 1267 sit
1757 1238 1874 1277 scripta

1075 1300 1131 1319 1190
1157 1290 1237 1319 cocti
1264 1290 1391 1319 muricis
1409 1293 1440 1319 et
1459 1289 1522 1319 triti
1540 1288 1654 1319 eochili
1671 1288 1785 1318 ardore
1810 1289 1873 1328 sig-

1075 1341 1171 1371 nata¹
1197 1351 1255 1371 1190
1277 1341 1435 1380 questoris
1458 1341 1539 1370 sacri
1563 1339 1672 1380 palatii
1690 1339 1874 1369 anot-atione

1075 1393 1181 1423 valata
1192 1392 1203 1410 2
1221 1395 1276 1422 aut
1292 1392 1401 1432 aliqua
1418 1391 1481 1422 alia
1498 1391 1705 1431 solempnitas
1722 1391 1762 1420 sit
1778 1391 1873 1421 omis-

1075 1455 1120 1483 sa,
1138 1444 1212 1484 quia
1226 1454 1358 1484 presens
1376 1443 1577 1483 privilegium
1595 1453 1631 1472 ac
1649 1442 1772 1481 singula
1788 1441 1818 1471 in
1836 1451 1874 1472 eo

1076 1495 1319 1536 quomodolibet
1335 1494 1567 1534 comprehensa
1581 1504 1622 1524 ex
1639 1498 1726 1524 certa
1743 1493 1875 1523 scientia

1076 1547 1119 1577 sic
1144 1546 1239 1576 scribi
1265 1546 1431 1582 voluimus,
1457 1549 1490 1575 ut
1514 1548 1585 1575 sunt
1608 1545 1734 1585 scripta.

1120 1597 1169 1627 lni
1194 1598 1282 1627 0111113
1307 1598 1352 1627 191
1378 1597 1593 1627 testimonium
1610 1599 1776 1636 presentes
1800 1605 1874 1626 eon-

1077 1649 1171 1679 scribi
1196 1659 1233 1678 ac
1258 1652 1364 1679 nostre
1389 1648 1566 1678 maiestatis
1595 1648 1700 1688 sigillo
1726 1651 1756 1678 et
1784 1648 1873 1687 signo

1077 1704 1229 1730 consueto
1255 1700 1402 1729 iussimus
1427 1699 1624 1729 communiri.

1120 1802 1237 1832 Datum
1263 1805 1294 1831 et
1318 1805 1423 1832 actum
1448 1802 1479 1831 in
1503 1802 1631 1831 civitate
1650 1801 1761 1840 Papie,
1786 1801 1873 1840 vige-

1077 1854 1156 1883 simo
1189 1853 1289 1893 primo
1318 1853 1415 1892 Iunii⁷
1445 1853 1503 1883 sub
1533 1863 1615 1882 anno
1643 1851 1772 1881 Domini
1803 1851 1874 1881 mil-

1076 1905 1189 1934 lesimo
1219 1905 1444 1935 trecentesimo
1469 1904 1623 1944 vigesimo
1648 1913 1744 1941 nono,
1775 1901 1874 1932 indic-

1077 1957 1162 1986 tione
1181 1955 1382 1994 duodecima,
1406 1955 1496 1995 regni
1520 1955 1618 1985 nostri
1642 1964 1723 1984 anno
1748 1953 1875 1994 quinto-

1077 2007 1212 2041 decimo.
1238 2007 1362 2046 imperii
1387 2016 1462 2036 vero
1487 2005 1637 2036 secundo.

1120 2066 1328 2097 Presentibus
1360 2065 1476 2095 lacobo
1506 2065 1545 2095 de
1570 2064 1780 2105 Spanahytm)
1809 2063 1874 2094 No-

1078 2118 1240 2155 va1·ien(sil
1259 2118 1421 2157 episcopo,
1438 2117 1536 2147 fratre
1554 2115 1707 2146 Gualtero
1724 2115 1874 2155 Papiensi

1078 2170 1244 2210 episcopo,
1276 2168 1439 2198 Friderico
1471 2168 1642 2208 brugravio
1671 2167 1710 2197 de
1737 2166 1874 2196 Nurem-

1077 2220 1171 2260 berg,
1204 2220 1369 2250 Ludovico
1400 2219 1479 2249 duce
1509 2219 1548 2249 (10
1576 2218 1680 2255 Τ9011,
1711 2218 1874 2248 Friderico

1077 2272 1193 2302 comite
1226 2271 1265 2302 de
1291 2271 1459 2311 Ottingen,
1488 2270 1619 2300 Andrea
1648 2269 1687 2299 de
1716 2268 1873 2302 Brunech,

1077 2323 1242 2353 Anfreono
1268 2322 1399 2363 Spinola
1424 2322 1598 2359 Ian(uensi)
1628 2320 1815 2351 consiliariis
1843 2322 1874 2349 et

1077 2374 1256 2405 secretariis
1281 2374 1396 2404 nostris
1414 2373 1537 2403 dilectis
1554 2376 1586 2402 et
1603 2372 1707 2402 Vanni
1725 2371 1763 2401 de
1780 2370 1872 2400 Suxi-

1076 2436 1159 2456 nana
1183 2425 1222 2455 de
1241 2425 1420 2461 Ubaldinis,
1445 2424 1613 2463 Ramengo
1635 2422 1674 2452 de
1692 2422 1808 2452 Casate
1834 2420 1872 2450 de

1076 2476 1260 2507 Mediolano
1297 2480 1329 2506 et
1363 2475 1536 2505 Castellino
1573 2474 1612 2504 de
1643 2473 1799 2503 Becharia
1834 2472 1872 2501 (10

1076 2528 1180 2568 Papia
1204 2527 1338 2558 testibus
1356 2526 1396 2557 ad
1420 2526 1480 2556 1100
1498 2526 1617 2566 rogatis
1638 2527 1670 2554 et
1693 2523 1872 2563 specialiter

1077 2579 1269 2609 convocatis.

327 2664 392 2691 602.
420 2665 446 2697 h)
465 2666 501 2690 ita
521 2666 552 2690 Α.
566 2666 597 2690 Β.
688 2665 706 2696 i)
726 2665 816 2690 abhinc
836 2666 918 2689 artius
937 2665 1035 2696 scripta
1055 2665 1086 2690 B.
1174 2663 1200 2695 k)
1220 2665 1344 2696 vigesimo
1364 2664 1396 2687 A.

330 2733 354 2763 1)
377 2732 436 2758 Cod.
455 2737 474 2765 1,
490 2735 528 2764 23,
539 2736 561 2759 6.
652 2732 678 2764 2)
700 2732 768 2758 lbid.
787 2736 805 2758 ν.
