2205 3025
188 524 200 541 5

174 806 198 824 10

172 1065 195 1084 15

170 1320 196 1339 20

169 1580 193 1598 25

170 1839 194 1857 30

169 2097 192 2115 35

167 2354 193 2372 40

168 2610 194 2628 45

668 155 764 182 ACTA
784 155 892 182 REGNI
911 156 1094 183 LUDEWICI
1114 156 1161 184 lv.
1199 157 1274 184 1330.
1311 156 1359 184 ΝΥ.
1372 157 1432 184 672.
1808 161 1870 191 569

479 279 565 314 672.
607 279 831 323 Privilcqium
853 292 921 324 pro
952 281 1087 315 civitate
1114 280 1360 315 Heilbrmmen.
1478 282 1557 316 Ian.
1579 284 1612 316 4.

332 345 493 386 Oriyz'nale
517 348 589 388 (or.)
618 348 653 379 in
680 348 839 380 tabulario
866 349 948 388 regio
975 349 1232 389 Stuttyarcliensi.
1291 349 1491 381 Contulsmas
1518 361 1583 382 nos.
1641 351 1759 383 Pendet
1787 352 1871 383 bulla

219 408 318 428 (ιῑινεα
345 397 410 436 filis
435 399 544 430 sericis
570 400 658 430 rubei
685 400 821 439 flavique
848 399 967 431 coloris.
1006 418 1045 423 —-
1084 400 1146 431 Ed.
1181 400 1451 432 ΑΠνῖετιηᾱθηῖηισή
1481 402 1535 433 (ἵεν
1563 403 1657 434 Stadt
1685 403 1870 435 Heilbromz’

219 450 275 488 (Ξ
289 449 539 490 ίῘῙῨὶὶνίίιεηιῖὶενς].
559 451 870 490 Geschiclttsqucllen'
900 451 940 491 V)
959 462 992 491 p.
1009 452 1052 482 53
1073 462 1122 482 nr.
1140 453 1202 482 120
1225 463 1263 483 ex
1287 464 1331 484 or.

324 505 470 543 Bc'lzmer,
495 506 569 546 Rey.
593 507 706 538 Ludw.
725 518 759 546 Ι).
779 509 819 538 66
841 517 890 538 nr.
908 509 992 538 1076
1015 507 1109 547 (male
1132 508 1175 538 (cd
1198 508 1269 540 Ian.
1289 511 1332 549 5).

324 591 563 633 {Lussdowicusa
579 592 642 624 Dei
665 593 768 634 gratia
784 593 1001 625 Romanorum
1019 594 1195 635 imperator
1211 605 1338 635 semper
1360 598 1513 636 augustus
1603 621 1609 626 .
1628 618 1634 627 .
1659 597 1870 637 prudentibus

218 642 292 672 viris
317 643 468 682 sculteto,
493 644 675 675 consulibus
698 646 876 686 ceterisque
901 645 1021 676 civibus
1045 645 1155 686 oppidi
1178 646 1209 676 in
1233 646 1471 687 Hailprunnen7
1496 647 1560 677 suis
1585 651 1617 678 et
1640 648 1766 689 imperii
1790 648 1868 679 fide-

218 692 300 723 libus
326 693 451 724 (lilectis
539 695 675 736 gratiam
701 706 790 727 suam
816 699 847 726 et
872 707 965 727 omne
989 696 1138 727 bonumb.

329 749 354 776 1.
389 745 530 777 Solercia
546 747 722 788 imperialis
739 747 936 778 celsitudinis
951 747 993 778 ad
1010 748 1069 778 hoc
1087 749 1273 789 precipuum
1292 750 1374 779 curis
1391 749 1547 779 continuis
1565 750 1714 790 agitatur,
1733 749 1869 791 qualiter

216 796 365 828 fidelibus
389 807 425 827 ac
451 797 574 828 devotis
598 798 722 839 imperii
747 799 902 829 serenitas
926 799 1013 839 pacis
1031 809 1144 830 aniene
1169 810 1205 830 ac
1229 799 1330 830 felicis
1347 802 1447 830 status
1472 800 1684 841 tranquillitas
1709 801 1772 831 suis
1795 811 1868 841 pre-

217 851 348 889 paretur
383 849 580 889 temporibus
615 853 648 880 et
682 849 723 880 ad
757 850 1049 890 recompensandos
1080 851 1222 891 ipsorum
1257 851 1384 882 labores
1418 852 1573 892 largifluis
1609 852 1868 883 consolacionum

216 899 408 931 decorentur
435 900 633 940 muneribus,
662 902 756 931 variis
787 912 915 942 quoque
946 901 1175 933 beneficiorum
1207 902 1298 933 donis
1328 906 1360 933 et
1392 904 1507 944 graciis
1537 903 1766 944 multiplicibus
1794 914 1867 944 pre-

216 950 375 982 dotentur,
420 951 486 982 Per
509 952 569 982 hoc
593 963 731 993 namque
757 953 908 993 principis
925 956 1033 984 votum
1058 953 1271 984 desiderantis
1294 954 1510 986 subiectorum
1537 955 1695 986 conmoda
1713 955 1868 996 ampliare

214 1002 333 1043 gaudio
357 1013 474 1044 magno
500 1007 532 1034 et
555 1003 661 1034 leticia
686 1003 776 1034 uberi
793 1004 996 1045 adimpletur,
1022 1006 1089 1036 eius
1114 1016 1241 1046 quoque
1266 1006 1367 1036 honor
1390 1010 1422 1036 et
1439 1006 1541 1046 gloria
1559 1007 1657 1037 multe
1675 1007 1778 1037 laudis
1795 1017 1867 1047 pre-

215 1054 314 1084 coniis
338 1054 503 1084 extollitur
526 1057 557 1085 et
574 1055 661 1085 varie
687 1054 848 1085 exaltatur
872 1055 1033 1086 favoribus
1057 1056 1266 1086 subditorum.
1314 1055 1444 1087 Summe
1462 1057 1558 1098 igitur
1575 1057 1744 1098 diligencie
1762 1058 1867 1089 studio

215 1105 319 1136 cordis
342 1106 440 1136 nostri
458 1106 619 1136 volumina
643 1107 845 1138 revolventes
870 1107 1046 1137 invenimus
1063 1118 1119 1137 vos
1143 1118 1201 1148 per
1218 1107 1292 1138 facti
1310 1109 1545 1148 experienciam
1564 1109 1708 1139 favorem
1725 1112 1867 1140 nostrum

214 1158 297 1188 inter
321 1157 400 1188 alios
423 1157 536 1188 fideles
560 1158 686 1198 imperii
710 1157 839 1188 uberius
863 1159 1027 1196 meruisse,
1053 1158 1093 1189 ob
1111 1159 1196 1199 quod
1221 1163 1327 1190 nostre
1349 1159 1545 1190 celsitudinis
1564 1160 1699 1191 brachiis
1716 1161 1868 1201 amplecti

214 1219 270 1239 vos
294 1209 439 1239 volentes
463 1213 496 1240 et
520 1209 616 1240 vestri
640 1209 734 1239 velud
759 1209 900 1249 illorum,
933 1221 1011 1251 quos
1042 1211 1072 1240 in
1100 1211 1223 1251 gremio
1255 1211 1461 1251 imperatorie
1493 1211 1646 1242 claritatis
1674 1211 1868 1242 intendimus

214 1260 409 1302 gubernare,
434 1271 548 1301 gerere
572 1260 820 1291 sollicitudinem
844 1265 940 1302 atquc
966 1272 1088 1301 curam,
1116 1265 1151 1292 ut
1175 1261 1320 1292 membra
1345 1261 1558 1302 disposicione
1583 1263 1697 1303 capitis
1724 1274 1742 1293 a
1765 1264 1868 1293 noxiis

215 1315 451 1353 presel-ventur,
475 1312 638 1343 fidelitatis
654 1316 770 1346 vestre,
795 1313 884 1343 cuius
907 1313 1048 1343 sincerus
1065 1312 1199 1343 affectus
1216 1313 1359 1354 fidesque
1384 1324 1463 1354 pura
1488 1324 1549 1344 non
1573 1314 1763 1353 claudicant,
1788 1315 1869 1354 peti-

214 1363 357 1394 cionibus
387 1364 437 1405 pie
470 1364 690 1395 exaudicionis
717 1365 845 1395 ianuam
874 1367 1054 1395 reserantes
1082 1364 1260 1405 vestrisque
1289 1365 1562 1405 postulacionibus
1594 1365 1737 1396 auditum
1766 1366 1867 1406 porri-

214 1418 327 1456 gentes
351 1415 534 1457 benignum,
559 1417 791 1453 concessiones
815 1416 949 1451 litteras,
974 1416 1150 1457 privilegi&
1176 1416 1342 1447 libertates
1368 1420 1400 1447 et
1416 1417 1541 1457 gracias
1566 1428 1623 1457 per
1646 1428 1703 1447 nos
1727 1427 1764 1447 ac
1789 1417 1868 1447 alios

213 1465 459 1507 predecessores
483 1471 607 1498 nostros
632 1468 721 1498 vobis
745 1467 989 1508 quomodolibet
1014 1467 1104 1498 datas
1128 1467 1178 1497 vel
1202 1478 1385 1505 concessas,
1410 1471 1445 1498 ut
1469 1469 1558 1498 annis
1584 1468 1716 1507 singulis
1740 1469 1867 1499 nomine

212 1518 299 1548 sture
324 1529 381 1549 seu
401 1519 535 1550 collecte
552 1519 707 1550 Romanis
730 1519 869 1560 regibus,
894 1519 1141 1560 imperatoribus
1158 1530 1215 1550 seu
1231 1520 1371 1560 ipsorum
1390 1519 1581 1550 officialibus
1599 1519 1680 1550 ultra
1698 1523 1868 1550 sexcentas

213 1568 312 1600 libras
335 1570 536 1601 Hallensium
560 1570 674 1611 legalis
699 1570 772 1609 (M.)
797 1574 926 1601 monete
954 1570 1198 1611 quomodolibet
1222 1570 1299 1601 dare
1323 1581 1385 1601 non
1412 1571 1597 1605 teneaminn
1623 1571 1754 1611 speciali
1777 1571 1867 1602 beni-

213 1620 359 1652 volencia
382 1623 537 1662 presentis
554 1623 661 1663 scripti
686 1623 863 1663 patrocinio
888 1626 920 1652 et
944 1633 985 1653 ex
1009 1626 1095 1653 certa
1120 1622 1257 1652 sciencia
1282 1622 1515 1654 confirmamus.
1540 1622 1767 1663 approbamus,
1792 1623 1867 1653 rati-

213 1672 345 1703 ficamus
369 1684 405 1704 ac
430 1674 527 1704 etiam
552 1673 592 1704 de
617 1684 698 1704 novo
723 1673 927 1704 concedimus
952 1677 984 1703 et
1012 1674 1200 1704 innovamus
1229 1673 1267 1703 de
1297 1677 1403 1704 nostre
1432 1674 1638 1713 imperatorie
1669 1673 1866 1714 plenitudine

213 1726 391 1764 potestatis.
438 1725 624 1756 Inhibentes
647 1727 785 1761 omnino,
811 1736 848 1755 ne
874 1726 1043 1766 quisquam
1068 1736 1132 1758 vos.
1159 1725 1373 1765 cuiuscunque
1399 1725 1593 1755 condicionis
1617 1728 1649 1755 et
1673 1728 1772 1755 status
1798 1725 1866 1755 exi-

213 1779 291 1809 stat,
326 1777 455 1807 racione
487 1777 573 1807 sture
606 1777 739 1807 alicuius
771 1777 853 1807 ultra
883 1777 1071 1816 premissam
1103 1777 1238 1816 pecunie
1270 1786 1425 1806 summam
1462 1776 1568 1816 aliquo
1602 1776 1697 1806 modo
1731 1777 1867 1816 impetat

214 1827 264 1857 vel
289 1828 485 1868 impugnetb.

323 1881 351 1909 2.
385 1878 468 1910 Sane
493 1879 644 1920 quoniam
668 1879 859 1920 ampliarum
884 1879 1113 1909 liberalitatum
1138 1878 1299 1909 favoribus
1323 1878 1394 1909 illos
1419 1881 1557 1908 nostram
1583 1888 1640 1919 per
1657 1878 1865 1910 clemenciam

214 1931 362 1961 convenit
385 1931 603 1971 circumplecti
627 1934 783 1971 grateque
808 1930 1013 1971 benignitatis
1036 1930 1203 1961 affectibus
1227 1933 1319 1971 grato
1336 1930 1505 1970 participio
1524 1929 1678 1969 decorari,
1703 1931 1755 1970 qui
1773 1930 1865 1961 clari-

212 1985 313 2013 tatem
338 1982 413 2013 fidei
441 1985 473 2012 et
497 1981 605 2012 debite
628 1982 814 2013 devocionis
838 1983 1053 2013 constanciam
1078 1982 1156 2012 locis
1185 1985 1217 2012 et
1241 1981 1439 2022 temporibus
1464 1982 1630 2021 oportunis
1654 1982 1866 2012 strennuitate

213 2043 346 2074 operum
371 2033 540 2074 magnifice
565 2037 597 2064 et
620 2033 839 2074 multipliciter
862 2033 1088 2075 probaverimt„
1113 2044 1168 2064 vos
1185 2043 1318 2074 quorum
1338 2033 1576 2073 promocionem
1602 2032 1733 2063 uberem
1758 2036 1865 2063 nostre

213 2086 342 2126 pietatis
365 2088 528 2126 gestamus
551 2085 582 2114 in
598 2085 690 2120 votis,
714 2085 774 2116 hac
798 2086 1004 2127 prerogativa
1028 2086 1135 2126 gracie
1153 2085 1335 2126 specialiter
1358 2089 1590 2125 prosequentes
1614 2088 1645 2115 et
1669 2083 1807 2122 honoris,
1832 2088 1866 2115 ut

212 2137 302 2167 annis
327 2136 458 2177 singulis
486 2137 576 2166 iuxta
600 2137 836 2168 concessionem
868 2137 957 2167 vobis
987 2137 1103 2167 factam
1134 2147 1192 2177 per
1222 2136 1294 2166 dive
1324 2137 1478 2167 memorie
1502 2135 1678 2166 Rudolfum
1703 2136 1864 2176 quondam

214 2187 435 2218 Romanorum
463 2197 574 2228 regem
605 2187 869 2228 predecessorem
896 2189 1060 2219 nostrum¹
1085 2188 1188 2219 forum
1219 2188 1371 2228 generale
1405 2198 1461 2218 seu
1490 2186 1647 2217 nundinas
1676 2188 1865 2228 incipientes

213 2249 271 2280 per
295 2242 366 2269 octo
391 2238 460 2269 dies
487 2241 560 2269 ante
592 2238 707 2270 festum
738 2239 825 2270 beati
853 2239 1043 2270 Michahelis
1072 2239 1256 2280 archangeli
1285 2242 1317 2270 et
1347 2249 1404 2280 per
1434 2238 1615 2279 quindecim
1644 2238 1713 2269 dies
1744 2238 1864 2270 dictum

213 2290 329 2321 festum
353 2289 527 2321 inmediate
552 2294 723 2332 sequentes
746 2291 892 2322 finientes
916 2301 988 2321 cum
1013 2291 1159 2321 omnibus
1183 2290 1384 2321 libertatibus
1419 2293 1451 2320 et
1476 2289 1716 2327 emunitatibus,
1753 2290 1866 2331 quibus

211 2341 359 2372 libertate
384 2344 455 2372 sunt
478 2352 537 2383 per
560 2341 650 2373 divos
673 2342 918 2383 predecessores
942 2345 1066 2373 nostros
1082 2342 1301 2373 Romanorum
1326 2352 1419 2383 reges
1444 2344 1476 2372 et
1492 2343 1703 2382 imperatores
1726 2341 1865 2373 nundine

212 2392 322 2434 oppidi
346 2394 443 2424 nostri
466 2393 848 2432 Franckenfurdoensisf,
874 2393 992 2424 dictam
1017 2395 1256 2425 concessionem
1280 2396 1381 2424 ratam
1415 2396 1447 2423 et
1478 2397 1602 2433 gratam
1626 2392 1797 2433 habentes,
1832 2394 1862 2423 in

211 2444 330 2485 oppido
361 2448 468 2475 vestro
502 2445 647 2486 predicto
680 2444 780 2475 libere
809 2446 936 2486 possitis
966 2445 1085 2475 habere
1117 2448 1311 2486 cunctasque
1347 2445 1564 2475 mereaciones
1596 2448 1628 2474 et
1656 2445 1863 2475 mercimonia

210 2495 351 2526 vendere
375 2496 508 2536 ipsaque
526 2496 664 2536 publice,
688 2497 768 2526 sicut
791 2497 822 2526 in
840 2497 956 2527 talibus
980 2496 1127 2527 nundinis
1143 2497 1240 2526 moris
1264 2499 1322 2534 est,
1347 2495 1526 2526 vendicioni
1543 2496 1669 2536 possitis
1687 2505 1860 2535 exponere⁷

210 2547 301 2577 vobis
325 2548 502 2588 vestrisque
526 2548 761 2578 successoribus
789 2551 820 2578 et
848 2549 984 2588 posteris
1014 2548 1172 2588 imperiali
1197 2548 1373 2578 clemencia
1403 2551 1559 2587 perpetuo
1590 2550 1701 2577 tenore
1730 2556 1860 2586 presen-

216 2598 298 2628 cium
323 2597 552 2638 indulgemusb.
598 2599 782 2637 Advocatis,
807 2599 1005 2635 officialibus.¹
1030 2599 1189 2630 nobilibus
1206 2599 1385 2640 ceterisque
1404 2599 1528 2639 imperii
1544 2597 1690 2628 fidelibus
1706 2597 1860 2627 universis

314 2694 379 2720 67⁴2.
409 2696 431 2726 a)
451 2705 502 2720 non
521 2697 693 2728 Luiduvicus;
714 2698 807 2729 liyatae
825 2703 882 2722 sunt
901 2698 915 2722 d
934 2703 956 2722 et
974 2707 988 2723 o
1008 2707 1044 2722 or.
1133 2697 1157 2722 b,
1176 2706 1242 2729 sequ.
1263 2717 1267 2722 .
1283 2717 1288 2721 .
1309 2706 1346 2722 ον.
1439 2701 1461 2728 0)
1481 2697 1674 2725 Franckensurg
1694 2704 1730 2719 or.

317 2767 340 2793 1)
362 2766 423 2799 ch.
437 2767 498 2799 imp.
515 2767 558 2792 VI
571 2775 612 2793 mu
626 2770 706 2799 ⁵220&
724 2770 757 2801 cf.
773 2768 788 2794 l.
803 2777 823 2795 c.
838 2769 859 2800 1,
875 2773 904 2795 16
924 2777 965 2795 nr.
980 2773 1018 2795 45.

312 2825 584 2844 LL.coNsr1Tur10NEs
601 2826 638 2844 vx.

1622 2800 1653 2824 72

1880 2238 1940 2265 Sept.
1953 2240 1985 2260 22¹.

1879 2266 1926 2284 oct.
1939 2266 1971 2286 13.
