2205 3025
146 668 169 685 10

145 1043 168 1061 15

140 1857 164 1875 30

143 2113 167 2131 35

139 2372 165 2389 ⁴0

143 2679 165 2696 45

594 112 690 139 ACTA
710 113 822 139 REGNI
842 113 1025 140 LUDEWICI
1045 114 1091 140 lv.
1129 115 1203 142 1330.
1241 114 1288 141 Nr.
1303 115 1361 141 734.
1381 116 1439 141 735,
1780 121 1840 150 (325

190 197 320 228 fidelem
345 200 431 228 tuam
457 198 655 239 diligentiam
684 203 717 230 et
744 200 1060 241 circumspectionem
1085 200 1250 240 providam
1282 201 1502 242 multipliciter
1529 202 1560 232 in
1584 202 1721 233 Domino
1747 214 1842 244 super

189 248 249 278 hiis
273 249 544 288 commendantes,
569 250 704 281 eandem
722 251 954 283 fraternitatem
973 256 1059 283 tuam
1077 252 1234 282 attencius
1254 252 1470 290 exhortamur„
1496 254 1643 294 quatinus
1660 255 1691 284 in
1707 255 1841 296 inceptis

190 303 373 331 constanter
400 301 573 341 persistens
605 302 688 333 circa
717 313 756 333 ea
780 313 840 344 que
869 306 990 334 restant
1020 303 1146 344 agenda
1175 313 1343 344 operosam
1368 304 1613 338 solicitudinem,
1643 309 1677 336 ut
1700 307 1840 337 votivum

192 351 312 381 exitum
333 352 518 391 sorciantur,
535 352 690 383 adhibere
705 364 867 394 procures,
885 355 970 395 quod
988 355 1126 385 divinam
1143 364 1180 384 ac
1197 358 1340 385 nostram
1358 359 1389 386 et
1406 355 1582 396 apostolice
1603 357 1688 387 sedis
1704 358 1840 398 gratiam

191 402 320 433 uberius
343 404 532 444 assequaris,
578 404 730 435 Ceterum
755 405 1062 437 administrationem
1092 406 1278 437 monasterii
1302 406 1410 437 Sancti
1435 406 1519 438 Galli
1545 410 1597 438 tue
1622 408 1758 439 diocesis
1783 409 1841 439 tibi

192 454 457 485 committendam
482 455 686 495 providimus,
711 457 791 487 sicut
814 457 845 487 in
868 458 982 488 litteris
1006 458 1122 488 nostris
1138 457 1211 488 inde
1230 458 1383 489 confectis
1403 459 1529 499 plenius
1549 459 1670 499 poteris
1693 460 1809 491 intueri
1820 461 1841 492 1.

191 503 294 545 Super
322 505 392 535 aliis
420 508 526 535 autem
558 516 620 546 que
654 510 706 537 tue
739 507 881 548 predicte
914 508 1020 539 littere
1051 508 1270 545 continebant,
1302 519 1373 539 cuin
1404 513 1492 540 tuam
1528 513 1559 541 et
1591 510 1726 541 aliorum
1761 522 1841 552 quos

190 556 293 596 tangit
321 557 561 596 responsionem
590 557 811 598 habuerimus,
842 560 1049 600 proponimus
1075 562 1205 590 auctore
1233 560 1372 590 Domino
1397 560 1482 601 quod
1508 565 1699 601 oportunum
1723 562 1840 592 videri-

188 617 258 636 mus
287 606 444 638 ordinare.
496 607 537 637 Et·
572 612 606 638 ut
636 608 676 639 de
706 609 766 640 hiis
805 620 866 650 que
898 610 950 641 (111.
975 610 1016 641 fil.
1041 610 1154 641 nobilis
1182 611 1229 641 vir
1253 610 1410 642 Henricus
1439 622 1546 643 comes
1575 613 1734 653 palatinus
1758 613 1841 644 Reni

191 657 255 688 dux
283 658 420 689 Bavarie
448 659 538 689 nobis
567 660 692 700 scripsit
719 661 858 700 noviter,
890 662 1040 692 noticiam
1069 662 1191 692 habeas
1220 662 1413 702 pleniorem,
1443 673 1517 694 ecce
1548 663 1633 704 quod
1662 664 1839 695 litterarum

188 709 286 749 ipsius
311 710 426 740 seriem
452 710 606 741 indicabit
630 711 686 742 tibi
711 711 825 742 cedula
848 713 1049 753 presentibus
1073 713 1273 744 interclusa2.

294 761 368 792 Dat.
394 765 428 791 ut
451 772 547 802 supra
557 762 577 792 ³.

398 900 482 936 735.
523 901 679 936 Litterae
707 904 754 936 ml
783 903 987 938 Heinricnm
1015 905 1131 938 (lacem
1159 904 1360 939 Bau-«riae.
1466 905 1556 949 Apr.
1576 906 1633 940 18.

300 982 397 1021 Copia
421 983 474 1023 (el
501 983 611 1013 [hidem
639 985 823 1015 tom.11511
850 985 907 1025 fol.
926 986 987 1015 164
1013 995 1060 1015 nr.
1080 987 1171 1016 1934.
1232 985 1429 1016 Contulimus
1457 996 1520 1017 nos.
1558 1005 1596 1009 —
1633 987 1694 1018 Ed.
1719 987 1841 1018 Rieslcr

191 1034 209 1065 l.
227 1046 252 1066 a.
269 1035 382 1073 p.453
405 1044 453 1065 nr.
471 1035 555 1065 1297
578 1046 615 1065 ea:
639 1046 663 1065 c.
689 1036 924 1076 (decurtatam).

294 1127 436 1159 Henrico
461 1129 568 1159 comiti
594 1130 734 1169 palatino
759 1129 842 1160 chi
867 1130 939 1161 duci
964 1131 1110 1161 Bavarie.

292 1180 432 1210 Litteras
456 1179 630 1211 nobilitatis
654 1180 729 1211 tue2
752 1181 812 1211 hiis
836 1181 948 1212 dicbus
974 1183 1162 1222 recepimus„
1189 1192 1246 1222 per
1270 1193 1348 1223 quas
1373 1182 1414 1212 ad
1439 1185 1524 1213 tuam
1550 1183 1733 1223 pervenisse
1758 1184 1839 1214 noti-

186 1232 268 1262 ciam
292 1230 469 1270 asserebas,
494 1231 579 1272 quod
603 1231 702 1272 aliqui
726 1232 844 1263 famam
869 1238 955 1263 tuam
981 1233 1122 1264 lacerare
1148 1234 1430 1274 sinceritatemque
1456 1233 1654 1273 devocionis,
1680 1245 1774 1275 quam
1800 1235 1841 1265 ad

184 1293 241 1313 nos
270 1287 302 1313 et
330 1287 470 1313 sanctam
501 1283 680 1314 Romanam
714 1284 883 1315 ecclesiam
917 1284 1077 1325 fidemque
1106 1284 1297 1315 catholicam
1328 1285 1413 1325 geris
1449 1287 1481 1315 et
1511 1285 1637 1325 gessisti
1675 1285 1839 1324 hactenus,

142 1345 154 1363 2
187 1333 354 1375 denigrare
389 1333 588 1365 mendaciter
621 1335 783 1366 moliendo
817 1337 931 1366 nostris
965 1336 1094 1366 auribus
1129 1336 1283 1366 instillare
1321 1339 1581 1376 presumpserant
1616 1339 1712 1377 teque
1744 1347 1840 1377 super

184 1385 337 1426 negociis,
369 1396 430 1426 quc
454 1386 734 1426 impresentiarum
759 1392 927 1428 emergunt
952 1387 1086 1418 ecclesie
1116 1398 1152 1418 ac
1177 1387 1251 1418 fidei
1275 1386 1492 1428 predictarum
1517 1390 1634 1418 statum
1660 1388 1840 1428 tangencia7

184 1437 344 1468 vacillare.
392 1438 497 1472 Quare
522 1437 612 1467 nobis
642 1438 798 1468 instanter
822 1442 854 1469 et
877 1438 1039 1469 humiliter
1063 1439 1263 1479 supplicasti,
1294 1442 1329 1468 ut
1353 1442 1383 1469 te
1409 1438 1447 1469 ab
1473 1439 1654 1469 huiusmodi
1679 1438 1839 1469 detracto—

185 1498 252 1518 rum
277 1488 444 1526 morsibus,
469 1489 521 1529 qui
546 1499 586 1519 ex
612 1492 737 1519 tuorum
754 1489 963 1520 laudabilium
982 1501 1116 1530 operum
1140 1490 1305 1520 evidencia
1323 1491 1558 1522 convincuntur,
1584 1489 1702 1520 habere
1729 1490 1839 1530 digna-

186 1550 293 1570 remur
316 1550 426 1570 secure
451 1550 487 1570 ac
511 1540 644 1570 firmiter
668 1546 866 1571 excusatum.
914 1541 996 1571 Sanc
1021 1542 1064 1571 fili
1090 1552 1159 1571 cum
1178 1542 1264 1572 varia
1282 1552 1376 1582 super
1400 1541 1460 1571 hiis
1477 1544 1659 1571 asserantur
1681 1552 1700 1571 a
1724 1542 1840 1572 multis.

143 1600 154 1619 2
187 1590 302 1631 quibus
332 1594 438 1621 tamen
468 1591 622 1621 haetenus
649 1592 745 1622 fidem
775 1592 929 1623 adhibere
959 1593 1131 1627 noluimus,
1163 1596 1193 1623 te
1225 1593 1319 1622 inisse
1351 1592 1483 1623 federa⁴
1515 1603 1585 1622 cum
1610 1592 1774 1622 Ludovico
1800 1593 1839 1623 (16

184 1642 321 1672 Bavaria
346 1642 385 1672 de
410 1642 514 1673 heresi
539 1646 571 1673 et
595 1643 743 1673 scismate
768 1643 1018 1684 condempnato.
1049 1643 1249 1674 nobilitatem
1275 1648 1360 1674 tuam
1387 1654 1536 1684 rogamus
1561 1644 1716 1674 attencius
1746 1647 1777 1673 et
1808 1644 1838 1673 in

184 1693 322 1723 Domino
349 1693 570 1731 exhor·tan1u1*‚
602 1695 750 1734 quatinus
781 1695 959 1725 devotionis
985 1699 1037 1725 tue
1063 1694 1181 1725 dudum
1212 1695 1353 1725 oblatam
1382 1695 1473 1724 nobis
1505 1698 1537 1724 et
1565 1695 1700 1725 ecclesie
1730 1698 1838 1724 sancte

184 1745 245 1775 Dei
269 1745 483 1775 constanciam
513 1755 550 1775 ae
575 1746 745 1786 repetitam
771 1746 878 1786 sepius
902 1746 1120 1776 conservando
1149 1747 1180 1775 in
1204 1745 1325 1775 eisdem
1351 1746 1522 1786 persistere
1547 1745 1708 1775 indefesso
1733 1745 1837 1775 studio

185 1800 217 1826 et
252 1796 358 1826 animo
394 1796 552 1836 intrepido
586 1807 648 1826 non
679 1796 841 1826 ommittas
871 1796 989 1837 tibique
1023 1807 1041 1827 a
1070 1796 1156 1827 falsis
1185 1796 1443 1837 suggestionibus
1474 1796 1666 1826 alienorum.
1699 1796 1752 1836 qui
1784 1800 1836 1826 tue

184 1848 291 1877 forsan
324 1847 434 1877 salutis
470 1851 502 1877 et
536 1847 692 1877 libertatis
729 1847 826 1877 emuli
867 1847 1010 1877 eiusdem
1044 1847 1226 1888 Ltudovici)
1259 1851 1289 1878 te
1319 1847 1455 1877 libenter
1490 1847 1632 1877 servituti
1663 1846 1837 1885 adicerent,

184 1898 313 1928 studeas
357 1897 467 1928 sedule
504 1908 677 1938 precavere
708 1908 830 1928 necnon
865 1899 1002 1939 qualiter
1036 1899 1265 1929 adherentibus
1298 1898 1357 1929 sibi
1392 1899 1421 1928 in
1456 1897 1650 1928 Lombardie
1693 1898 1836 1938 partibus

185 1950 382 1981 successerit.
408 1948 445 1979 de
472 1949 584 1989 quibus
602 1949 691 1989 quasi
715 1949 818 1979 nullus
842 1950 1003 1984 remansit,
1028 1950 1081 1990 qui
1106 1950 1156 1980 vel
1181 1951 1365 1980 interfectus
1389 1961 1452 1980 non
1476 1950 1571 1980 fuerit
1595 1953 1649 1980 aut
1667 1949 1837 1989 depressus

185 2008 216 2031 et
240 2004 392 2040 gravatus
415 2000 642 2040 multipliciter,
667 2000 708 2030 ad
724 2001 912 2031 memoriam
936 2001 1130 2039 reducendo,
1154 2002 1252 2042 ipsius
1270 2001 1462 2031 frandulosis
1486 2001 1758 2041 promissionibus,
1783 2001 1836 2041 (1111

185 2051 281 2082 nichil
305 2052 363 2081 nisi
389 2051 427 2081 de
453 2051 557 2081 alieno
583 2051 668 2081 valet
692 2052 890 2091 promittere,
915 2062 985 2082 cum
1009 2053 1073 2082 suis
1097 2052 1301 2093 exigentibus
1327 2052 1492 2083 demeritis
1517 2052 1608 2082 bonis
1633 2051 1779 2082 omnibus
1805 2054 1837 2082 et

186 2102 361 2133 honoribus
393 2103 543 2142 exigente
572 2103 697 2132 iusticia
723 2103 762 2133 sit
789 2103 944 2143 privatus,
975 2104 1103 2134 obtures
1133 2104 1355 2134 nichilominus
1388 2114 1481 2134 aures
1511 2106 1581 2134 tuas
1610 2113 1668 2133 nec
1698 2103 1836 2143 paciaris

186 2153 336 2194 gravibus
360 2154 450 2193 penis
478 2156 510 2183 et
537 2154 721 2192 sentenciis,
751 2164 829 2194 quas
857 2154 1050 2185 adherentes
1075 2154 1180 2186 eidem
1205 2156 1273 2196 ipso
1299 2156 1383 2186 facto
1407 2158 1578 2185 noscuntur
1601 2155 1773 2193 incurrere,
1805 2157 1835 2184 te

186 2205 313 2235 involvi.
351 2204 524 2246 Spei-amus
549 2204 698 2245 equidem
723 2205 753 2235 in
778 2215 816 2236 eo
841 2206 894 2246 qui
918 2207 1003 2236 solus
1026 2217 1142 2247 magna
1171 2207 1247 2237 facit
1272 2210 1303 2237 et
1326 2206 1576 2243 111601111111111165,
1602 2205 1687 2246 quod
1711 2206 1754 2235 sie
1779 2204 1836 2235 tibi

185 2257 313 2287 assistet
337 2256 404 2286 eius
429 2255 574 2292 dextera,
599 2256 624 2285 si
648 2255 707 2286 sibi
731 2260 913 2287 constanter
936 2257 1100 2289 adheseris
1124 2258 1155 2288 in
1179 2258 1238 2288 hac
1256 2261 1357 2298 parte,
1383 2257 1468 2298 quod
1492 2267 1552 2287 non
1577 2257 1680 2286 solum
1705 2260 1836 2286 conatus

184 2307 327 2338 eiusdem
352 2307 485 2338 heretici
515 2310 546 2337 et
574 2308 744 2338 scismatici
772 2308 985 2348 reprimentur
1016 2309 1155 2347 adversi,
1184 2313 1233 2339 set
1264 2310 1367 2349 ipsum
1398 2320 1454 2339 sua
1482 2307 1660 2348 increpabit
1688 2307 1834 2338 adversio

185 2363 216 2389 et
240 2359 268 2388 in
295 2369 350 2389 sua
375 2359 584 2399 perversitate
601 2358 737 2394 deficiet,
763 2370 833 2390 cum
857 2361 989 2400 impium
1014 2361 1044 2390 in
1069 2371 1125 2391 sua
1148 2361 1295 2391 maliciafi
1321 2360 1416 2401 digna
1433 2360 1494 2390 Dei
1512 2369 1644 2390 censura
1662 2359 1834 2395 subvertet,

185 2411 354 2440 assistente
379 2410 435 2440 tibi
463 2410 685 2440 nichilominus
711 2413 742 2441 et
765 2410 835 2441 aliis
858 2411 1005 2442 fidelibus
1034 2412 1065 2441 in
1089 2412 1252 2452 premissis
1275 2415 1377 2442 matre
1403 2416 1457 2442 tua
1482 2411 1617 2442 ecclesia
1642 2411 1779 2441 consiliis
1804 2413 1835 2439 ct

185 2461 312 2491 auxiliis
337 2462 510 2501 oportunis.

291 2512 365 2542 Dat.
390 2512 585 2550 Avinion(e),
609 2511 719 2544 XIIII.
737 2513 808 2544 Kal.
834 2513 919 2546 Maii.
945 2524 1026 2544 anno
1051 2514 1162 2544 XIIII.

287 2631 312 2655 1¹·
338 2630 377 2661 Cf.
398 2633 519 2662 p11{1.623
539 2633 592 2655 mat.
606 2635 628 2656 4.
752 2631 778 2663 2)
807 2632 846 2663 Cf.
866 2640 924 2665 pus).
939 2636 986 2658 624
1007 2635 1060 2659 not.
1074 2635 1096 2658 3.
1221 2633 1247 2663 3)
1269 2631 1328 2658 Sed.
1350 2640 1389 2657 ην.
1407 2634 1460 2657 733.
1567 2631 1592 2659 4)
1616 2630 1703 2662 §wipo-«e
1723 2637 1764 2653 rur.
1781 2631 1834 2653 7013.

185 2672 210 2703 5)
231 2672 278 2697 Iob
293 2676 316 2704 5,
329 2678 350 2697 9.
439 2674 464 2699 (i)
486 2672 525 2704 (If.
546 2673 622 2698 Pron
643 2678 680 2705 14,
695 2676 733 2700 3-2.

288 2773 326 2791 Li„
340 2773 563 2792 coxsrrrrnoxns
577 2774 612 2791 v1.
1599 2767 1628 2790 it·
