2205 3025
137 729 161 747 10

136 994 160 1012 15

135 1250 160 1269 20

133 1769 158 1787 30

133 2028 157 2048 35

626 169 722 197 ACTA
743 170 854 196 REGNI
873 170 1057 197 Li'DEWICI
1078 170 1124 196 lV.
1161 171 1235 197 1:330.
1274 171 1393 198 N1·.788.
1772 176 1833 205 0¹67

227 260 354 287 sanctus
370 256 496 287 Marcus
514 258 721 299 ewangelista
738 258 846 289 (licens
870 258 901 288 in
925 258 984 288 hec
1008 258 1120 288 verba:
1145 257 1197 288 ‘Et
1213 259 1358 299 precepit
1384 259 1438 295 eis,
1463 269 1502 290 ne
1528 259 1604 300 quid
1629 259 1779 290 tollerent
1802 261 1834 290 in

226 309 276 338 via
300 308 359 338 uisi
383 309 504 349 virgam
530 312 663 345 tantum,
688 320 750 339 non
774 319 896 350 peram,
920 320 983 339 uon
1008 320 1123 349 panem
1146 319 1251 350 neque
1276 310 1306 340 iu
1330 320 1410 340 zona
1435 310 1510 341 es³².

333 363 421 395 (VIII)
439 359 573 400 Insuper
588 364 623 390 ut
635 360 799 390 universos
812 361 999 391 christianos
1016 360 1056 391 ab
1068 361 1213 401 ingressu
1226 361 1390 402 religionis
1404 365 1535 397 avertat,
1554 372 1686 393 erronee
1702 362 1834 403 dogma-

227 411 302 441 tizat
319 411 403 452 quod
421 412 642 452 expropriacio
660 421 765 442 rerum
783 412 1016 452 temporalium,
1040 422 1136 453 quam
1154 415 1277 442 constat
1293 413 1361 443 fieri
1378 423 1436 453 per
1455 418 1564 444 votum
1582 415 1790 454 paupertatis,
1808 415 1833 444 si

226 466 297 502 post
314 462 494 492 huiusmodi
512 463 811 504 expropriacionem
829 463 952 504 equalis
973 463 1152 494 sollicitudo
1170 464 1255 494 eirca
1272 465 1465 505 temporalia
1482 469 1678 505 perseverat,
1702 466 1743 496 ad
1759 475 1833 506 per-

225 513 399 544 feccionem
424 513 509 544 valet
533 513 576 543 nil
600 513 754 545 conferre.
800 513 851 544 Ex
876 525 937 555 quo
963 516 1106 555 sequitur
1122 515 1301 551 manifeste,
1328 516 1413 556 quod
1433 516 1553 546 nullum
1578 516 1696 547 bonum
1713 517 1835 547 scilicet

224 575 283 595 nec
307 565 435 595 castitas
459 575 517 594 nec
534 568 707 605 paupertas
730 575 788 596 nec
806 565 990 596 obedientia
1014 576 1071 597 nec
1095 567 1247 597 ieiunium
1271 577 1329 597 nec
1353 567 1474 608 aliquid
1499 567 1585 598 aliud
1610 578 1689 608 opus
1713 568 1832 599 factum

224 626 297 646 cum
321 619 395 646 voto
420 617 534 646 ceteris
558 616 688 656 paribus
712 617 782 656 plus
800 617 884 648 valet
908 628 1003 657 quam
1028 619 1094 648 sine
1113 622 1196 648 voto.
1221 619 1296 658 quia
1321 630 1383 659 qua
1408 620 1537 650 racione
1562 623 1670 650 votum
1694 630 1832 662 pauper-

223 668 297 698 tatis
320 670 423 697 stante
447 667 554 708 equali
578 667 791 698 sollicitudine
815 668 857 698 ad
881 669 1117 708 perfeccionem
1134 669 1220 700 valet
1243 670 1287 700 nil
1311 670 1466 707 conferre,
1491 670 1605 701 eadem
1622 672 1750 702 racione
1775 682 1834 702 nee

223 722 332 749 votum
357 719 512 749 castitatis
535 729 593 749 uec
610 718 799 749 obediencie
816 720 936 760 aliquid
961 720 1037 750 facit
1061 720 1101 750 ad
1126 721 1362 760 perfecciouem
1390 723 1504 752 ceteris
1522 723 1731 753 existentibus
1748 724 1832 763 pari-

226 770 295 803 bus,
320 780 381 810 que
406 770 530 800 inerant
553 774 627 800 ante
651 769 714 800 talc
740 774 859 801 votum.

288 830 317 860 3.
352 829 469 860 Preter
496 828 657 870 predictos
686 840 810 860 errores
835 833 867 860 et
896 830 1003 870 plures
1032 830 1111 861 alios
1134 831 1336 871 presentibus
1360 843 1421 862 non
1446 833 1581 863 insertos
1605 833 1635 862 in
1659 833 1832 873 allegacio—

179 880 272 911 nibus
310 881 485 921 peritorum
520 880 704 921 plenissime
736 881 924 921 reprobatos
959 881 1122 922 predictus
1150 882 1310 913 hereticus
1341 883 1477 914 Iacobus
1508 884 1548 914 ‹le
1578 884 1713 914 Caturco
1742 895 1832 915 suam

179 932 351 962 stulticiam
379 935 412 962 et
435 942 469 962 se
493 933 638 972 ignarum
667 931 848 972 theologice
877 932 1038 963 facultatis
1066 937 1098 963 et
1127 934 1263 964 racionis
1288 935 1442 964 naturalis
1470 938 1581 975 aperte
1611 935 1832 966 demonstrans

179 984 333 1024 plurimas
356 984 554 1014 asserciones
578 984 764 1014 fantasticas
787 985 890 1025 magis
914 984 1074 1015 derisione
1099 996 1193 1025 quam
1219 985 1451 1026 reprobacione
1476 987 1604 1026 dignas,
1630 998 1764 1028 (piarum
1788 989 1834 1018 in-

179 1035 269 1065 sania
293 1035 395 1065 eciam
420 1034 578 1066 illiteratis
606 1036 714 1066 statim
743 1039 891 1076 apparet,
923 1046 984 1076 que
1009 1040 1114 1066 tamen
1140 1037 1222 1067 inter
1251 1038 1381 1068 hereses
1411 1042 1442 1069 et
1475 1049 1608 1075 errores,
1640 1039 1714 1080 quia
1743 1049 1831 1070 sacre

179 1086 334 1126 scripture
359 1086 489 1117 obviant
518 1087 697 1123 evidenter,
726 1091 798 1117 sunt
825 1088 938 1118 merito
969 1087 1197 1128 computande,
1230 1089 1260 1118 in
1284 1089 1348 1118 suis
1373 1089 1502 1127 libellis,
1528 1095 1625 1130 quosg
1655 1089 1831 1121 decretales

179 1137 331 1179 appellat,
357 1139 563 1178 pertinaciter
586 1139 700 1169 asserit
724 1142 756 1169 et
779 1138 928 1175 affirmat,
953 1139 1049 1169 sicut:

331 1192 391 1219 (IX)
416 1189 508 1225 Quod
534 1200 627 1221 nemo
652 1194 758 1230 potest
782 1191 826 1220 uti
852 1190 948 1221 rebus
972 1201 1033 1231 quo
1058 1201 1116 1220 usu
1140 1196 1415 1225 cousummuutur,
1443 1192 1618 1222 cuiusmodi
1648 1197 1719 1222 sunt
1743 1192 1832 1223 cibus

225 1246 256 1272 et
279 1245 383 1282 potus,
409 1244 513 1272 vestes
538 1244 569 1271 et
592 1241 728 1282 pecunia
752 1242 853 1272 eciam
878 1241 1052 1272 secundum
1077 1242 1170 1272 istum
1196 1242 1382 1272 hereticum.

330 1297 376 1328 (X)
408 1292 501 1328 Quod
530 1293 605 1323 licet
628 1293 722 1323 rebus
749 1303 808 1324 usu
833 1293 1131 1334 consumptibilibus
1159 1304 1220 1323 non
1246 1295 1408 1334 contingat
1439 1295 1493 1329 uti,
1520 1295 1594 1334 ipsis
1619 1299 1724 1326 tamen
1756 1305 1830 1325 con-

221 1345 314 1385 tingit
338 1344 436 1375 abuti.

330 1400 390 1433 (XI)
415 1395 508 1431 Quod
533 1400 622 1426 actus
645 1396 755 1427 utendi
780 1406 843 1426 non
866 1400 973 1437 potcst
998 1407 1067 1427 esse
1092 1397 1121 1426 in
1147 1407 1251 1426 rerum
1276 1400 1396 1426 natura.

330 1451 404 1483 <xlii
440 1448 534 1483 Quod
562 1458 671 1478 servus
701 1448 740 1478 ad
770 1448 956 1478 mandatum
990 1447 1109 1478 domini
1144 1448 1190 1477 sui
1233 1448 1402 1478 actualiter
1437 1447 1565 1478 tradens
1598 1449 1764 1488 pecuniam
1801 1453 1833 1479 et

226 1510 336 1530 emens
360 1510 426 1530 rem
452 1499 592 1540 aliquam
617 1511 678 1530 uon
702 1500 801 1530 habet
825 1510 916 1530 usum
941 1510 999 1530 nec
1024 1499 1157 1529 abusum
1182 1499 1265 1529 illius
1291 1500 1435 1539 pecunie.

331 1554 418 1585 (XIII)
444 1551 536 1586 Quod
562 1551 666 1581 nullus
690 1554 796 1591 potest
820 1551 865 1581 uti
889 1562 922 1581 re
940 1550 1048 1591 aliqua
1071 1561 1129 1581 usu
1146 1550 1394 1591 consumptibili,
1420 1551 1499 1581 sicut
1524 1554 1612 1581 veste
1630 1551 1681 1581 vel
1700 1551 1834 1591 pecunia

221 1606 276 1633 aut
300 1602 370 1633 cibo
395 1603 444 1633 vel
470 1607 556 1644 potu,
582 1603 639 1632 nisi
664 1602 783 1633 habeat
808 1602 985 1633 dominium
1011 1606 1043 1633 et
1066 1603 1297 1643 proprietatcun
1323 1603 1398 1632 vius.

329 1658 416 1689 (XIV)
441 1653 534 1689 Quod
558 1664 695 1694 persona
718 1657 941 1694 representata
966 1657 998 1684 et
1016 1654 1204 1693 imaginaria
1230 1656 1335 1693 potest
1354 1652 1471 1683 habere
1497 1664 1586 1683 usum
1613 1654 1695 1684 iuris.
1721 1664 1831 1694 quam-

221 1706 267 1736 vis
291 1716 352 1736 non
378 1706 476 1746 possit
500 1705 620 1735 habere
645 1716 735 1736 usum
759 1705 845 1736 facti.

329 1761 401 1793 (XV)
426 1756 519 1792 Quod
544 1756 621 1787 ordo
647 1757 778 1787 fratrum
805 1760 837 1787 et
864 1756 980 1787 eadem
998 1757 1125 1787 racione
1143 1756 1288 1797 quelibet
1313 1757 1375 1786 alia
1395 1757 1606 1796 congregacio
1632 1760 1679 1786 est
1696 1767 1832 1797 persona

224 1808 414 1849 imaginaria
438 1812 470 1838 et
493 1812 724 1849 representata.

332 1863 418 1894 «xvh
449 1859 542 1894 Quod
566 1859 652 1889 nulla
677 1859 748 1889 talis
773 1860 985 1899 congregacio
1010 1862 1117 1900 potest
1141 1862 1247 1890 actum
1272 1860 1393 1889 realem
1418 1859 1557 1899 aliquem
1583 1870 1743 1889 exercere.

329 1915 428 1947 (XVII)
460 1910 552 1946 Quod
584 1921 695 1941 carens
725 1911 865 1941 dominio
901 1921 1006 1941 rerum
1036 1911 1261 1951 temporalium
1291 1921 1352 1940 non
1387 1916 1434 1940 est
1466 1914 1597 1951 propter
1632 1911 1690 1940 hoc
1725 1909 1831 1950 quoad

222 1966 446 2003 paupertatem
466 1962 679 2002 temporalem
699 1962 877 1993 censendus
896 1962 1078 2003 pauperior.
1121 1962 1213 1997 Quod
1235 1961 1358 1992 liabens
1378 1962 1553 1992 dominium
1574 1972 1679 1992 rerum
1704 1965 1829 2001 tempo-

222 2014 346 2051 ralium,
371 2013 411 2044 de
436 2013 550 2054 quibus
567 2023 740 2054 numquam
758 2013 825 2043 vult
842 2013 943 2044 eciam
964 2018 1077 2054 sponte
1103 2013 1142 2043 de
1167 2013 1251 2044 facto
1269 2014 1435 2054 percipere
1454 2013 1622 2043 comodum
1642 2013 1830 2053 temporale,

224 2076 286 2096 non
311 2069 359 2096 est
381 2069 513 2106 propter
536 2064 718 2095 huiusmodi
743 2064 870 2095 divitias
895 2065 993 2096 dicior
1017 2064 1214 2095 iudicandus,

329 2120 441 2152 (XVIII)
481 2116 573 2152 Quod
605 2117 652 2147 ius
681 2116 792 2147 utendi
828 2117 857 2147 in
893 2117 988 2147 rebus
1020 2127 1079 2147 usu
1114 2116 1414 2157 consumptibilibus
1451 2127 1512 2146 non
1541 2119 1647 2156 potest
1683 2115 1830 2145 constitui

220 2168 270 2199 vel
294 2168 416 2199 haberi.

286 2231 314 2258 4.
352 2228 502 2259 Predicta
530 2231 562 2259 et
589 2228 681 2269 plura
712 2228 775 2258 alia
804 2232 869 2259 tam
902 2229 1045 2259 heretica
1073 2239 1169 2270 quam
1199 2228 1340 2263 insanah,
1372 2238 1434 2268 que
1460 2227 1510 2257 hic
1540 2236 1634 2256 causa
1664 2225 1831 2256 brevitatis

132 2294 158 2312 40
177 2280 362 2313 omittimus,
386 2279 530 2321 prefatus
554 2280 712 2311 hereticus
731 2280 868 2311 Iacobus
893 2280 932 2311 de
953 2279 1091 2310 Caturco
1115 2281 1146 2310 iu
1171 2280 1234 2310 suis
1258 2279 1384 2317 libellis,
1411 2289 1489 2319 quos
1516 2277 1694 2308 decretales
1717 2277 1829 2317 appel-

177 2330 243 2361 lare
268 2332 431 2371 presumit,
457 2331 552 2362 docet
576 2335 608 2362 et
631 2332 745 2362 asserit
769 2342 805 2362 ac
830 2332 939 2362 nititur
962 2343 1020 2372 pro
1045 2331 1163 2362 viribus
1188 2331 1367 2362 defensare.
1419 2330 1557 2369 Propter
1587 2328 1673 2369 quod
1706 2331 1831 2358 constat

176 2383 279 2423 ipsum
304 2393 362 2423 per
385 2393 492 2414 sacros
515 2393 653 2413 canones
677 2393 696 2413 a
719 2383 863 2424 generali
888 2384 1036 2420 concilio,
1067 2383 1152 2424 quod
1176 2384 1206 2413 in
1231 2392 1327 2413 causa
1351 2381 1425 2412 fidei
1451 2382 1551 2411 eciam
1576 2390 1660 2420 pape
1685 2380 1830 2420 superius

177 2443 247 2464 esse
272 2433 459 2469 dinoscitur,
487 2434 708 2475 promulgatos
736 2445 805 2465 esse
837 2435 922 2465 omni
947 2435 1163 2466 ecclesiastica
1187 2434 1344 2474 dignitate
1376 2444 1412 2464 ao
1439 2435 1599 2473 potestate
1631 2434 1661 2461 et
1692 2431 1828 2461 auctori-

177 2488 242 2516 tate
266 2485 434 2526 privatum.

285 2548 312 2575 5.
348 2545 493 2586 Ideoque
512 2545 603 2576 vobis
623 2546 764 2576 districte
783 2546 990 2587 precipiendo
1016 2546 1214 2584 mandamus,
1239 2545 1388 2586 quatinus
1412 2543 1547 2584 predicti
1572 2542 1680 2572 Iacobi
1707 2541 1745 2571 de
1767 2540 1826 2569 Ca-

176 2601 265 2627 turco
285 2597 455 2627 sentenciis
474 2597 525 2628 vel
545 2597 704 2628 mandatis
721 2597 972 2638 quibuscunque,
993 2608 1054 2638 que
1074 2598 1190 2628 nullius
1210 2601 1281 2627 sunt
1302 2596 1425 2627 roboris
1446 2599 1477 2625 et
1498 2593 1660 2631 momenti,
1682 2591 1826 2622 audeatis

176 2647 357 2678 nullatenus
381 2648 523 2686 obedire,
549 2649 623 2689 quin
647 2649 732 2679 inmo
756 2648 847 2678 vobis
871 2649 1016 2679 omnibus
1041 2653 1072 2679 et
1096 2648 1228 2689 singulis
1246 2648 1459 2679 communiter
1484 2650 1515 2676 et
1540 2645 1664 2674 divisim
1689 2642 1745 2672 sub
1770 2641 1825 2670 ob-

280 2723 342 2750 YSS.
371 2724 396 2756 8)
415 2733 482 2750 corr.
496 2734 526 2750 ez·
544 2734 609 2757 quas
629 2735 666 2750 or.
755 2725 779 2756 h)
801 2727 891 2751 ultima
910 2735 926 2751 a
945 2727 970 2750 ιἰι
990 2727 1044 2751 loco
1064 2735 1123 2750 raso
1142 2735 1179 2750 or.

281 2783 305 2815 1)
326 2783 416 2809 Mare.
431 2787 452 2814 6,
466 2786 491 2810 8.
