2205 3025
426 116 653 146 ACTAREGNI
674 117 854 144 LUDEWICI
874 118 920 144 IV.
940 119 984 144 ΕΤ
1005 118 1188 145 FRIDERICI
1208 119 1255 144 lll.
1295 119 1368 146 1329.
1405 119 1453 146 Nr.
1466 119 1524 146 580.
1547 120 1604 146 581.
1778 123 1839 153 453

300 202 493 233 Ludowicus
517 202 577 233 Dei
602 204 711 243 gracia
734 203 953 234 Romanorum
977 205 1152 245 imperator
1176 215 1304 245 semper
1328 210 1479 246 augustus
1592 205 1736 236 omnibus
1759 206 1838 237 fide-

190 253 274 284 libus
297 254 360 283 suis
384 263 516 294 presens
544 254 745 294 privilegium
772 255 962 295 inspecturis
1049 256 1190 296 graciam
1219 266 1309 286 suam
1339 259 1371 287 et
1400 257 1549 287 noticiam
1580 256 1837 297 subscriptorum.

297 304 439 344 Dignum
472 314 542 334 esse
572 304 745 344 credimus,
774 310 809 336 ut
840 306 883 336 hii
907 317 1041 347 quorum
1070 307 1290 347 progenitores
1318 317 1355 338 ac
1385 308 1481 338 etiam
1510 308 1569 348 ipsi
1597 309 1837 348 progenitorum

191 359 363 398 sequentes
387 356 522 396 vestigia
553 366 610 396 pro
639 356 701 386 fide
731 361 763 386 et
791 357 859 387 zelo
889 358 969 388 sacri
1001 358 1125 398 imperii
1155 358 1315 389 indefesso
1348 359 1453 389 studio
1486 359 1621 389 sollicite
1657 359 1838 390 laborantes

161 418 172 436 5
191 409 295 448 ipsum
319 407 489 447 imperium
513 417 550 436 ac
574 406 687 437 fideles
712 408 779 437 eius
803 409 907 438 conati
931 412 1002 438 sunt
1027 409 1210 445 defendere,
1235 409 1387 440 adiuvare
1412 414 1443 440 et
1467 411 1541 441 totis
1558 410 1677 441 nisibus
1694 411 1837 442 exaltare

191 463 421 500 personaruma
444 457 600 498 pericula,
634 468 739 488 rerum
770 458 936 499 dispendia
964 459 1145 491 nullatenus
1169 460 1378 491 formidantes
1407 461 1446 491 ab
1475 462 1610 501 imperio
1640 465 1672 492 et
1701 461 1760 491 hiis
1784 463 1838 502 qui

190 509 349 550 imperiali
373 509 502 539 culmini
520 508 684 549 president
701 509 925 549 profectibusb,
950 511 1121 541 honoribus
1139 514 1171 542 et
1188 511 1378 552 dignitatum
1396 512 1618 552 splendoribus
1634 513 1838 543 illustrentur.

190 560 316 592 Idcirco
340 571 397 591 nos
421 560 660 591 considerantes
689 563 722 590 et
745 560 998 600 premeditantes
1028 562 1059 592 in
1084 562 1188 592 cordis
1211 562 1366 601 archano,
1392 566 1524 604 quantas
1550 562 1774 604 Canisgrandis
1799 565 1838 595 de

166 633 169 635 -
196 612 227 642 la
251 611 362 643 Scala⁰
386 616 418 642 et
440 612 662 652 progenitores
686 612 733 641 sui
758 623 814 652 pro
839 623 928 642 sacro
951 613 1097 653 imperio.
1122 613 1402 654 predecessoribus
1420 615 1534 644 nostris
1551 625 1587 645 ac
1604 615 1694 645 nobis
1712 615 1838 646 labores

146 674 172 692 10
190 663 385 704 personales
410 662 598 694 facultatum
624 663 868 703 errogacionesd
885 664 1066 694 innumeras
1089 664 1288 704 pertulerunt
1305 665 1501 705 temporibus
1518 667 1683 696 retroactis
1708 669 1740 696 et
1764 677 1837 697 con-

191 715 277 745 tinue
306 714 392 744 idem
417 713 642 755 Canisgrandis
670 714 761 754 quasi
784 715 857 754 igne
883 725 956 745 vere
981 714 1055 745 fidei
1080 719 1111 745 et
1135 715 1317 746 devocionis
1346 726 1496 747 accensus
1525 718 1660 747 strenuis
1688 718 1838 757 operibus

189 769 402 806 prosequatur
424 766 548 796 iusticie
573 768 605 796 et
628 765 781 795 naturalis
805 766 971 806 equitatise
989 766 1132 796 ordinem
1158 767 1297 807 exigere.
1322 769 1501 798 censuimus
1525 767 1684 808 prefatum
1702 767 1838 799 Canem-

190 817 345 858 grandem
370 816 524 853 comodis,
549 816 745 857 profectibus
769 820 801 846 et
826 816 1033 857 dignitatibus
1060 828 1116 857 pre
1141 819 1255 848 ceteris
1279 818 1447 849 honorare.
1493 819 1709 854 Quamobrem
1734 820 1840 850 omnia

190 869 285 908 bona,
308 869 526 909 possessiones
551 871 583 898 et
606 868 683 903 iura.
709 878 770 908 que
795 867 955 908 quondam
972 868 1170 903 Passarinus,
1194 869 1364 899 Botironus
1388 869 1501 900 fratres
1526 869 1565 899 de
1589 870 1776 901 Bonacolsis
1799 870 1839 901 de

148 929 172 947 1⁵
192 920 323 950 Mantua
352 919 528 959 habebant,
559 919 713 950 tenebant
737 923 768 950 et
799 919 1005 960 possidebant
1029 930 1085 950 seu
1116 920 1156 950 ad
1185 921 1270 960 ipsos
1300 931 1488 961 quocunque
1513 921 1609 951 modo
1641 921 1838 961 spectabant,

191 971 316 1011 damus,
349 971 552 1002 concedimus
581 970 706 1011 prefato
732 970 927 1011 Oanigrandi
952 974 984 1001 et
1008 971 1178 1001 heredibus
1203 972 1274 1002 suis.
1324 971 1419 1002 Salva
1444 976 1550 1002 tamen
1575 973 1779 1003 concessione
1808 977 1841 1004 et

189 1023 312 1063 gracia,
344 1032 440 1063 quam
469 1022 601 1052 fecimus
626 1021 759 1052 Iohanni
786 1022 915 1062 Ungaro
944 1022 1143 1053 benemerito
1174 1026 1205 1052 et
1236 1022 1322 1053 fideli
1348 1026 1455 1053 nostro
1481 1023 1519 1053 de
1545 1022 1708 1058 domibus,
1738 1025 1839 1064 terris,

189 1074 443 1114 possessionibus
468 1077 500 1104 et
523 1073 658 1108 iuribus,
688 1084 748 1114 que
774 1073 934 1114 quondam
959 1074 1147 1104 Passarinus
1179 1074 1217 1104 de
1242 1074 1429 1105 Bonacolsis
1459 1074 1498 1104 de
1530 1074 1660 1105 Mantua
1688 1075 1839 1115 habebat,

191 1125 321 1156 tenebat
346 1128 377 1156 et
394 1125 579 1166 possidebat
601 1126 632 1155 in
650 1128 735 1156 terra
759 1129 791 1155 et
808 1125 882 1155 villa
899 1125 1051 1156 Castiioni
1069 1125 1232 1155 Mantuani
1251 1128 1282 1156 et
1299 1126 1504 1165 pertinenciis
1521 1127 1592 1156 suis.
1638 1126 1841 1167 Derogantes

148 1182 174 1201 2⁰
191 1177 221 1206 in
246 1176 306 1207 hoc
331 1176 477 1207 omnibus
505 1176 602 1207 sacris
630 1176 768 1217 legibus,
799 1176 1082 1207 constitucionibus
1113 1176 1331 1217 imperialibus
1361 1177 1623 1217 predecessorum
1653 1181 1841 1217 nostrorum,

192 1238 253 1269 que
278 1228 350 1258 huic
375 1228 496 1258 nostref
525 1228 722 1259 concessioni
755 1231 786 1258 ct
810 1228 978 1258 donacioni
1004 1228 1033 1257 in
1058 1229 1164 1268 aliquo
1196 1228 1370 1259 obviarent.
1424 1228 1456 1258 Si
1485 1229 1553 1268 quis
1583 1232 1690 1259 autem
1718 1228 1842 1269 prefate

192 1280 405 1310 concessionis
429 1283 535 1310 nostre
560 1279 725 1320 privilegio
751 1290 844 1309 ausus
869 1279 964 1310 fucrit
980 1280 1148 1317 contraire,
1172 1279 1329 1320 imperiali
1354 1279 1458 1310 banno
1483 1280 1647 1310 subiaceat
1671 1283 1703 1309 et
1727 1290 1842 1319 penam

192 1331 422 1372 quinquaginta
445 1331 597 1361 librarum
622 1332 689 1361 auri
715 1331 877 1371 persolvat
894 1330 1059 1361 dimidiam
1083 1341 1211 1361 camere
1235 1334 1341 1361 nostre
1367 1334 1398 1361 et
1423 1331 1518 1361 aliam
1537 1330 1699 1360 dimidiam
1718 1330 1842 1371 prefato

194 1381 397 1423 Oanigrandi,
422 1383 471 1412 cui
496 1392 536 1412 ex
562 1382 619 1412 hoe
645 1383 758 1413 iniuria
783 1383 833 1413 vel
858 1382 1030 1423 dampnum
1055 1383 1155 1413 fieret.
1181 1382 1416 1423 applicandam.

151 1439 175 1458 2⁵
302 1433 376 1464 Dat.
394 1433 531 1471 Soncini5
557 1433 608 1464 die
633 1433 766 1464 Sabbati
791 1434 946 1474 vigesimo
972 1444 1054 1464 nono
1076 1434 1206 1474 Aprilis,
1230 1444 1312 1464 anno
1336 1433 1466 1463 Domini
1491 1434 1659 1464 millesimo
1685 1436 1842 1464 trecente-

193 1485 273 1515 simo
304 1485 456 1515 vicesimo
492 1495 591 1520 nono,
627 1485 818 1516 duodecima
847 1485 1032 1519 indictione,
1070 1486 1159 1525 regni
1191 1486 1287 1515 nostri
1320 1495 1402 1514 anno
1435 1484 1685 1525 quintodecimo,
1719 1485 1842 1525 imperii

193 1546 269 1566 vcro
295 1535 444 1566 secundo.

196 1700 280 1736 581.
319 1700 543 1744 Confirmatio
567 1701 737 1745 2»·i1·il(2qie'
764 1701 922 1735 Heinre'ci
944 1700 1026 1735 VII.
1054 1713 1119 1745 pro
1149 1700 1340 1734 mardtitmc
1359 1699 1594 1744 ssl«‹lasy›iww.
1684 1702 1841 1744 Affinij.

305 1782 464 1823 Oriffl'ualc
494 1784 526 1814 in
553 1784 710 1814 tabulario
739 1785 820 1822 reyio
844 1783 1037 1814 Florentino,
1090 1782 1324 1821 Descripsimus
1352 1792 1414 1813 nos,
1468 1781 1608 1821 Sz'yilltcm
1636 1782 1841 1818 desideratur,

151 1848 177 1867 30
195 1835 277 1873 quod
299 1834 363 1873 silis
384 1835 493 1865 sericis
510 1836 675 1874 pendebat.
700 1853 739 1856 —
764 1835 933 1865 Inede'l'nm.

301 1894 446 1932 Bo'hmer,
470 1895 544 1935 Rey.
563 1895 673 1926 Imaelw.
695 1906 725 1934 p,
744 1896 807 1925 350*
831 1905 878 1925 ιιν.
898 1895 982 1925 3238
1006 1894 1131 1931 (Addit.
1150 1894 1231 1931 III).

301 1988 493 2019 Ludowicus
516 1989 577 2019 Dei
602 1989 710 2029 gracia
735 1989 952 2019 Romanorum
977 1989 1152 2028 imperator
1175 1998 1302 2028 semper
1331 1990 1484 2027 augustus
1586 1987 1738 2017 universis
1763 1988 1843 2017 sacri

194 2039 331 2071 Romani
355 2040 481 2081 imperii
505 2040 652 2071 fidelibus
677 2043 842 2080 presentes
866 2040 989 2070 litteras
1006 2040 1195 2080 inspecturis
1284 2039 1424 2079 graciam
1442 2048 1528 2068 suam
1556 2043 1587 2068 et
1605 2048 1697 2068 omne
1715 2038 1842 2069 bonum.

302 2091 445 2122 Primum
471 2094 502 2121 et
527 2092 699 2121 maximum
726 2091 765 2122 de
790 2091 913 2121 virtutis
943 2094 974 2121 et
998 2091 1171 2121 clemencie
1195 2094 1302 2120 nostre
1329 2089 1477 2130 operibus
1503 2094 1564 2127 est7
1596 2097 1629 2119 ut
1657 2093 1746 2129 gesta
1771 2100 1842 2130 pre-

152 2154 177 2173 35
197 2142 400 2173 decessorum
423 2146 603 2173 nostrornm
621 2142 765 2172 divorum
782 2142 1000 2173 Romanorum
1018 2143 1245 2182 imperatorum
1270 2152 1305 2172 ac
1323 2151 1433 2181 regum
1458 2150 1514 2180 pro
1540 2140 1710 2170 recolenda
1734 2150 1843 2171 eorum

196 2193 351 2224 laudabili
378 2195 534 2224 memoria
569 2198 732 2234 tamquam
768 2194 895 2224 racione
931 2193 1028 2234 digna
1063 2204 1120 2234 per
1154 2196 1243 2223 actus
1278 2196 1401 2223 nostros
1437 2191 1621 2222 clarioribus
1656 2192 1844 2222 testimoniis

197 2245 466 2276 commendemus.
513 2245 681 2276 Accedens
698 2245 793 2285 igitur
810 2249 915 2276 nostre
932 2245 1108 2275 maiestatis
1133 2245 1330 2285 presenciam
1355 2243 1470 2274 nobilis
1487 2243 1533 2272 vir
1550 2242 1679 2282 Spineta
1704 2243 1842 2273 marchio

196 2295 374 2337 Malespine
400 2297 561 2337 quondam
586 2296 746 2327 Gabi-ielis
769 2300 877 2327 noster
902 2300 934 2327 et
957 2297 1081 2336 imperii
1106 2296 1208 2326 fidelis
1238 2295 1373 2326 dilectus
1397 2294 1488 2325 nobis
1512 2294 1673 2324 humiliter
1696 2293 1842 2336 sup[p]li-

197 2347 289 2386 cavit⁷
315 2351 472 2388 quatenus
495 2348 554 2379 sibi
579 2348 740 2388 quoddam
764 2347 967 2389 privilegium
991 2348 1050 2387 ipsi
1074 2358 1092 2377 a
1117 2347 1188 2377 dive
1212 2347 1367 2377 memorie
1384 2346 1536 2376 Heinrico
1554 2346 1746 2385 imperatore
1771 2355 1842 2384 pre-

154 2409 179 2427 40
198 2398 367 2429 decessore
400 2403 508 2430 nostro
544 2399 713 2440 gratiosius
743 2399 900 2429 indultum
936 2398 1139 2439 dignaremur
1174 2398 1412 2429 benivolencius
1447 2396 1634 2426 confirmare
1670 2406 1706 2426 ac
1741 2396 1842 2426 eciam

197 2452 310 2488 castra,
328 2450 420 2480 villas
444 2453 476 2480 et
499 2453 599 2481 terras
623 2451 653 2480 in
678 2461 715 2480 eo
741 2460 908 2490 expressas
932 2460 988 2480 seu
1006 2460 1158 2490 expressa.
1182 2449 1222 2479 de
1246 2459 1327 2479 novo
1345 2448 1520 2479 concedere
1546 2450 1576 2477 et
1598 2448 1700 2486 ipsum
1725 2446 1764 2476 dc
1781 2447 1841 2476 eis-

198 2500 271 2531 dem
295 2501 454 2532 investire.
544 2501 641 2532 Cuius
666 2501 823 2542 privilegii
848 2504 945 2531 tenor·
962 2511 1019 2541 per
1043 2501 1148 2530 omnia
1171 2501 1314 2541 sequitur
1337 2500 1366 2529 in
1392 2499 1449 2529 hec
1475 2498 1585 2528 verba:

304 2559 485 2591 ‘Heinricus
509 2561 615 2591 divina
639 2561 766 2591 favente
784 2579 824 2584 —-
841 2561 965 2601 imperii
989 2570 1064 2590 vero
1089 2559 1214 2600 primo.³
1247 2570 1345 2597 snpra
1369 2561 1437 2589 (om.
1457 2558 1516 2588 H'.
1537 2563 1553 2586 ’.Ι
1577 2568 1623 2586 nr.
1641 2557 1711 2586 392.

302 2687 367 2714 580.
396 2689 418 2719 ⁴¹)
439 2698 504 2714 corr.
524 2697 599 2721 super
618 2689 732 2721 pericula
752 2697 824 2713 eraso
844 2698 880 2713 cr.
964 2688 987 2717 Ἡ)
1013 2689 1139 2719 pfectibus
1159 2697 1194 2712 ον.
1279 2692 1299 2712 <i
1320 2686 1426 2710 Lae-cala
1445 2695 1481 2709 or.
1565 2687 1587 2703 «Μ
1608 2684 1642 2706 „nie
1662 2692 1697 2706 or.
1781 2685 1801 2699 e*
1821 2682 1838 2704 ti

156 2737 181 2755 45
197 2730 226 2754 in
244 2731 298 2755 loco
316 2740 376 2756 raso
396 2740 432 2756 or.
521 2730 539 2762 f)
557 2740 624 2763 sequ.
644 2740 655 2756 s
674 2740 750 2755 erasa
769 2741 806 2756 or.

1589 2774 1636 2798 c'l*
