2205 3025
182 686 204 704 10

178 1203 203 1222 20

179 1458 202 1476 25

179 1715 202 1731 3⁴¹

177 2227 201 2244 40

503 126 595 152 ACTA
617 126 728 152 REGNI
748 126 930 153 LUDEWICI
952 127 997 152 lv,
1018 126 1062 152 ET
1083 127 1264 154 FffiDEulCl
1286 128 1332 154 Ill.
1372 129 1445 155 1:525.
1482 129 1528 154 Nr.
1544 130 1584 156 74.
1831 135 1867 163 ,31

332 212 536 243 Sanctissimo
566 214 595 243 in
620 213 746 243 Christo
774 214 855 253 patri
884 223 921 244 ac
945 213 1073 244 domino
1098 224 1155 245 suo
1180 214 1309 245 domino
1334 215 1469 245 Iohanni
1499 220 1700 248 sacrosancte
1728 217 1871 250 Romane

224 274 261 293 ae
285 263 470 294 universalis
496 265 629 295 ecclesie
654 274 776 294 summo
802 265 941 305 pontifici
1052 265 1250 296 Wolframus
1274 265 1335 296 Dei
1365 270 1397 296 et
1421 277 1477 297 sua
1501 267 1602 307 gratia
1627 267 1872 310 Herbipolensis

224 315 358 345 ecclesie
376 315 544 355 episcopus
633 315 673 345 ad
691 315 844 346 humilem
863 317 1210 347 recommendationem
1229 318 1274 347 sui
1293 316 1409 347 devota
1435 317 1550 358 pedum
1570 319 1677 349 oscula
1694 320 1870 353 beatorum.

337 370 361 396 l.
386 366 519 397 Noverit
547 368 745 398 sanctissima.
773 372 878 398 vestra
902 369 1092 408 paternitas.
1117 368 1201 409 quod
1230 373 1362 409 propter
1392 369 1639 409 publicationem
1665 382 1870 411 processuum

223 430 242 449 a
276 419 444 449 sanctitate
478 424 584 450 vestra
619 423 728 450 contra
763 419 925 450 dominum
956 419 1154 450 Ludovicum
1191 420 1305 450 ducem
1340 420 1507 452 Bawarie²³
1543 422 1699 453 editorum
1736 425 1871 455 ecclesia

223 480 296 500 mea
326 469 367 500 ab
399 470 513 500 eodem
544 471 623 500 duce
652 472 779 511 suisque
808 471 985 501 fautoribus
1016 472 1196 502 invasiones
1231 472 1363 502 hostiles
1399 476 1430 502 et
1465 472 1686 504 tribulationes
1722 475 1872 515 plurimas

223 521 369 552 sustinuit
404 526 435 551 et
470 522 604 551 sustinet
639 522 723 552 omni
756 522 818 552 die.
881 522 962 552 Nam
998 522 1190 552 venerabilis
1232 523 1378 553 dominus
1413 523 1571 555 Henricus
1606 525 1705 556 abbas
1737 527 1871 558 ecclesie

223 572 391 603 Fuldensis
415 574 521 603 fautor
552 573 625 603 dicti
655 572 774 603 domini
799 573 953 604 Ludovici
984 573 1146 614 quoddam
1171 575 1383 604 cimiteriumb
1407 575 1465 605 sub
1495 576 1632 616 quodam
1665 581 1768 608 castro
1800 589 1872 609 meo

223 625 316 654 situm
342 625 372 653 in
396 635 455 654 non
481 624 641 654 modicum
666 634 772 654 meum
798 628 830 654 et
854 624 988 655 ecclesie
1014 636 1084 655 mee
1108 635 1281 665 gravamen
1307 629 1337 656 et
1354 626 1562 665 preiudicium
1583 628 1782 661 incastellare
1800 641 1872 670 pre-

224 676 367 715 sumpsit,
393 685 588 715 persequens
613 675 770 705 hostiliter
794 685 844 705 me
870 680 901 705 et
925 675 1094 706 ecclesiam
1119 686 1224 706 meam
1250 686 1321 706 cum
1346 678 1409 707 suis
1434 680 1465 707 et
1490 677 1564 708 dicti
1582 678 1699 709 domini
1718 680 1872 711 Ludovici

223 726 422 757 adiutoribus
447 730 478 756 et
501 726 706 757 servitoribus
731 737 788 767 per
812 727 959 757 incendia
989 731 1021 757 et
1045 728 1180 767 rapinas.
1237 728 1463 758 Procuratores
1488 740 1613 769 quoque
1642 735 1674 761 et
1698 732 1872 772 capitulum

224 778 358 809 ecclesie
376 777 645 818 Babinbergensis
663 782 807 808 tenentes
825 781 928 808 eastra
944 782 976 808 et
993 779 1184 808 munitiones
1207 779 1303 819 ipsius
1329 779 1463 809 ecclesie
1490 781 1518 810 in
1537 781 1744 812 rebellionem
1763 787 1872 813 contra

224 829 332 860 sedem
364 829 573 870 apostolicam
605 831 700 860 versi.
725 840 758 859 se
789 840 845 860 suo
877 830 1028 870 episcopo
1060 834 1258 870 opponentes
1291 831 1374 860 dicto
1411 831 1538 861 domino
1573 833 1733 863 Ludorico
1764 838 1872 865 contra

224 882 324 921 ipsam
351 881 470 914 sedem,
497 881 680 921 episcopum
706 891 796 910 sunm
822 887 853 911 et
878 884 987 911 eontra
1011 892 1137 911 omnem
1163 881 1324 912 hominem
1350 882 1417 911 sedi
1444 886 1476 912 et
1499 888 1607 913 sancte
1626 886 1717 915 matri
1737 886 1871 917 ecclesie

195 943 203 957 ¹·
224 932 433 963 adherentem
468 943 528 962 una
560 943 630 962 cum
661 933 730 962 aliis
761 933 834 963 dicti
867 932 986 962 domini
1015 933 1169 963 Ludovici
1198 932 1409 963 adiutoribus.
1448 934 1657 974 principibus⁷
1694 937 1873 970 comitibus.

224 984 397 1014 baronibus
421 988 453 1014 et
483 987 566 1014 terre
591 983 763 1014 nobilibus.
796 984 825 1013 in
855 994 988 1024 quorum
1018 983 1124 1014 medio
1154 985 1222 1025 ipsa
1252 984 1387 1014 ecclesia
1416 995 1489 1015 mea
1513 986 1570 1015 sita
1604 991 1651 1016 est
1676 991 1706 1017 et
1731 988 1873 1020 hostibus

224 1035 363 1076 undique
389 1035 615 1073 circumducta,
641 1037 670 1065 in
694 1045 802 1066 meum
827 1039 859 1066 et
883 1035 1017 1065 ecclesie
1042 1046 1114 1066 mee
1140 1035 1255 1065 malum
1283 1036 1356 1065 totis
1383 1036 1501 1066 viribus
1525 1038 1754 1069 machinantur.

332 1089 359 1116 2.
385 1087 433 1117 Ne
463 1087 558 1127 igitur
593 1087 709 1117 dictam
740 1086 907 1117 eeclesiam
938 1097 1043 1117 meam
1073 1090 1204 1127 propter
1233 1087 1412 1117 huiusmodi
1439 1088 1658 1119 tribulationes
1687 1094 1718 1120 et
1743 1091 1873 1123 hostiles

224 1139 402 1169 invasiones
427 1149 463 1169 ae
493 1139 588 1168 etiam
620 1142 750 1178 propter
781 1137 1046 1178 indignationem.
1078 1148 1173 1178 quam
1204 1140 1345 1178 prefatus
1376 1139 1522 1169 dominus
1558 1140 1735 1172 {rudovicus
1765 1148 1873 1174 contra

223 1201 274 1221 me
299 1194 331 1220 et
355 1190 522 1220 ecclesiam
548 1200 652 1220 meam
678 1199 734 1229 pre
752 1189 898 1219 omnibus
915 1189 984 1219 aliis
1009 1189 1075 1219 sedi
1095 1190 1271 1230 apostolice
1297 1189 1526 1221 adherentibus
1543 1193 1672 1231 gravius
1689 1195 1873 1235 concepisse

223 1241 418 1282 dignoscitur
442 1251 477 1271 ac
502 1241 599 1281 ipsius
624 1240 829 1271 destructioni
856 1251 909 1280 pre
935 1241 1049 1271 ceteris
1075 1240 1144 1280 plus
1169 1240 1261 1271 avide
1279 1242 1422 1271 inuititur
1447 1245 1477 1272 et
1495 1243 1638 1274 intendit.
1664 1244 1702 1274 ad
1729 1249 1872 1277 extreme

223 1293 429 1323 desolationis
466 1292 671 1333 opprobrium
702 1292 852 1322 devenire
886 1293 1097 1332 contingeret.
1133 1293 1302 1332 oportebat
1334 1303 1385 1322 me
1420 1294 1575 1324 universis
1605 1296 1873 1331 ministerialilms.

223 1344 350 1375 vasallis
375 1348 405 1374 et
430 1343 576 1374 fidelibus
601 1344 734 1373 ecclesie
761 1354 830 1373 mee
856 1344 998 1384 predicte
1024 1355 1145 1374 necnon
1171 1344 1276 1374 multis
1302 1344 1481 1382 comitibus,
1507 1345 1679 1376 baronibus
1704 1351 1735 1377 et
1759 1349 1871 1379 nobili-

223 1396 294 1433 bus,
325 1406 404 1436 quos
432 1407 449 1425 a
474 1395 548 1425 dieti
579 1395 696 1425 domini
723 1395 878 1425 lnidovici
908 1396 1036 1425 servitio
1067 1396 1184 1425 retraxi
1213 1399 1245 1425 et
1274 1395 1314 1425 ad
1340 1395 1558 1426 adherendum
1584 1399 1742 1429 sanctitati
1769 1407 1872 1432 vestre

225 1455 256 1477 et
279 1448 413 1478 ecclesie
438 1458 509 1476 mee
535 1447 707 1487 conquisivi
735 1458 789 1486 pro
816 1447 954 1486 presidio
983 1446 1076 1476 michi
1108 1458 1146 1475 eo
1172 1447 1334 1477 liberalius
1363 1459 1399 1477 ac
1430 1448 1542 1478 melius
1567 1449 1760 1487 exhibendo.
1792 1453 1873 1483 ultra

222 1509 377 1530 summam
396 1498 426 1528 X
452 1497 590 1528 milium⁰
611 1508 786 1528 marcarum
813 1499 935 1537 argenti
961 1498 1121 1538 stipendia
1146 1508 1292 1538 erogare,
1318 1499 1360 1528 ita
1387 1499 1471 1539 quod
1497 1501 1525 1529 in
1552 1502 1629 1530 meis
1647 1504 1874 1534 munitionibus

223 1552 284 1581 iam
309 1551 339 1580 in
365 1550 460 1590 duplo
488 1549 593 1589 plures
619 1550 700 1579 viros
724 1553 865 1579 armatos
890 1551 1013 1591 magnis
1038 1550 1209 1580 dextrariis
1240 1558 1270 1580 ct
1301 1550 1494 1590 spadonibus
1527 1562 1563 1581 ae
1593 1552 1662 1582 aliis
1688 1557 1874 1585 necessariis

222 1602 261 1632 ad
287 1602 368 1631 bella
396 1601 560 1631 det-entius
578 1601 747 1641 expeditos
771 1601 829 1631 sub
852 1601 944 1631 valde
969 1601 1121 1641 gravibus
1148 1602 1298 1642 expensis
1323 1605 1427 1633 teneo.
1454 1603 1533 1632 sicut
1558 1607 1589 1632 et
1613 1604 1752 1643 indigeo,
1778 1617 1873 1646 quam

222 1654 337 1694 aliquis
362 1652 624 1693 predecessorum
657 1663 799 1682 meorum
830 1663 968 1693 unquam
996 1653 1105 1682 babuit
1133 1664 1152 1683 a
1178 1653 1374 1693 temporibus
1400 1655 1575 1684 1·etr‹1›actis.
1629 1655 1751 1690 Quibus
1777 1658 1873 1688 etium

222 1704 435 1735 mediantibus
460 1707 637 1734 memorato
662 1703 790 1734 domino
819 1704 980 1735 liudovico
1011 1710 1041 1734 et
1073 1706 1135 1735 suis
1160 1705 1372 1735 adiutoribus.
1405 1705 1478 1735 licet
1509 1706 1751 1737 innumerabilia
1778 1710 1872 1740 michi

223 1767 278 1797 per
302 1757 386 1796 ipsos
415 1760 486 1785 sunt
516 1756 651 1795 irrigata
687 1755 867 1796 dispendia.
900 1756 1006 1785 divina
1035 1756 1206 1786 adiuvante
1236 1757 1339 1795 gratia
1374 1758 1472 1786 restiti
1501 1757 1631 1788 viriliter
1661 1763 1692 1788 et
1717 1763 1872 1799 potenter.

222 1809 367 1837 t‘astrum
403 1808 499 1837 etiam
531 1817 624 1836 uumn
658 1808 738 1836 t'orte
773 1810 804 1836 et
835 1808 957 1837 tirmnm
990 1809 1112 1837 t'ratris1
1141 1807 1215 1837 dicti
1245 1807 1362 1838 domini
1397 1808 1522 1838 abbatis
1550 1808 1715 1839 Fuldensis
1748 1812 1874 1850 pretato

225 1860 353 1890 domino
379 1858 541 1888 liudovico
568 1863 599 1887 et
623 1859 685 1887 suis
710 1857 908 1888 adiutoribus
932 1859 1078 1888 similiter
1101 1859 1285 1889 adherentis
1312 1871 1367 1899 pro
1393 1859 1578 1889 defensione
1603 1860 1737 1891 ecclesie
1762 1866 1793 1892 et
1817 1863 1873 1893 ad-

224 1912 360 1940 iutorum
387 1919 529 1940 meorum
554 1920 623 1939 cum
649 1909 727 1939 meis
753 1918 783 1939 ct
809 1910 982 1940 eorundem
1008 1910 1188 1940 adiutorum
1215 1921 1356 1940 meorum
1383 1911 1587 1941 servitoribus
1612 1913 1673 1941 iam
1699 1913 1822 1943 vallavi.

331 1966 358 1991 23.
387 1962 519 2001 Insuper
544 1961 582 1991 de
609 1961 720 1990 illustri
744 1961 886 2001 prineipe
913 1962 1040 1991 domino
1068 1961 1211 2002 luipoldo
1237 1962 1365 1992 Auso-ie
1396 1969 1426 1991 et
1451 1963 1544 1992 sorio
1571 1962 1650 1993 duee
1682 1965 1721 1993 nil
1748 1975 1874 2004 prorsus

223 2013 337 2043 hesitet
362 2016 464 2043 vestra
493 2013 657 2044 sanctitas.
690 2013 838 2052 quoniam
871 2013 937 2053 ipse
971 2024 1033 2043 una
1064 2024 1134 2043 cum
1168 2014 1351 2043 reverendis
1381 2014 1522 2054 putribus
1553 2014 1688 2044 dominis
1717 2016 1872 2056 archiepi-

222 2075 318 2104 scopo
344 2064 540 2104 Moguntino,
566 2064 717 2104 episeopo
744 2065 968 2103 Argentinensi
994 2069 1025 2095 et
1051 2076 1114 2099 me,
1147 2065 1198 2105 qui
1226 2068 1356 2104 propter
1385 2064 1678 2096 ‹*‹›nfederationem
1711 2066 1750 2097 ob
1783 2078 1871 2098 reve-

222 2116 355 2145 rentiam
387 2116 563 2145 sanctitatis
592 2121 695 2145 vestre
724 2115 855 2145 initam2
888 2126 982 2146 unum
1014 2127 1135 2153 sumus,
1180 2117 1339 2146 sanctitati
1376 2120 1478 2146 vestre
1511 2116 1565 2157 let}
1601 2118 1668 2147 sedi
1698 2120 1872 2158 apostolice

223 2168 318 2197 etiam
350 2176 449 2207 usque
482 2167 521 2196 ad
551 2170 686 2196 mortem
721 2170 827 2196 contra
859 2168 1018 2206 prefatum
1050 2167 1213 2197 dominum
1241 2167 1435 2197 luldovicum
1466 2173 1497 2197 et
1529 2178 1601 2197 snos
1626 2169 1770 2199 volumus
1800 2171 1873 2200 totis

222 2218 339 2248 viribus
364 2218 529 2248 adherere.
576 2217 727 2248 Firmiter
750 2229 876 2259 quoque
894 2219 999 2257 credo7
1025 2219 1109 2259 quod
1128 2219 1212 2249 idem
1230 2219 1376 2249 dominus
1397 2219 1584 2253 Lushjvivus
1611 2221 1734 2250 etiamsi
1753 2222 1871 2252 nullam

221 2269 315 2299 aliam
341 2274 544 2309 preterquam
569 2280 626 2299 nos
650 2274 787 2310 quatuor
810 2271 1004 2301 coniuratos.
1037 2271 1076 2301 de
1103 2271 1216 2312 quibus
1242 2271 1303 2301 iam
1328 2271 1537 2311 premittitur,
1564 2271 1697 2301 haberet
1724 2273 1870 2303 resisten-

221 2321 314 2353 tiam,
340 2331 435 2360 quam
460 2320 513 2350 diu
539 2321 643 2351 cidem
675 2322 865 2352 resistimus.
895 2333 1055 2363 nunquam
1087 2324 1117 2352 in
1142 2326 1225 2352 terra
1257 2322 1519 2352 Allamannorum
1551 2323 1668 2362 negotii
1701 2324 1745 2352 sui
1776 2324 1869 2354 tinem

221 2372 372 2412 consequi
396 2372 501 2402 valeat
525 2373 736 2412 concupitum.
831 2373 1024 2404 Memor-atus
1056 2384 1183 2414 quoque
1213 2374 1359 2403 dominus
1384 2373 1446 2403 dux
1473 2373 1652 2413 Lupoldus.
1678 2385 1747 2404 eum
1772 2385 1872 2415 nuper

222 2423 252 2452 in
276 2433 392 2463 magna
417 2423 620 2454 tribulatione
646 2430 677 2453 et
694 2435 842 2464 pressura
859 2426 1046 2456 constitutus
1065 2427 1248 2459 existerem,
1272 2426 1375 2455 missis
1400 2425 1492 2455 michi
1520 2425 1639 2454 nunciis
1663 2425 1726 2454 suis
1745 2426 1872 2455 volebat

222 2473 315 2504 michi
342 2478 373 2504 et
402 2475 535 2505 ecclesie
562 2485 633 2505 mee
658 2485 729 2505 eum
754 2486 870 2516 magna
895 2477 1051 2516 potencia.
1077 2477 1200 2507 etiamsi
1226 2487 1355 2507 neeesse.
1381 2478 1504 2511 suisset,
1531 2477 1658 2516 propria
1682 2477 1712 2505 in
1737 2487 1871 2516 persona

223 2526 252 2555 in
281 2525 454 2556 subsidium
490 2527 673 2556 occurrisse.
721 2526 830 2557 Sciens
863 2528 965 2568 ipsum
1001 2538 1058 2558 nec
1093 2532 1179 2558 metu
1216 2539 1272 2558 nee
1301 2529 1393 2558 minis
1418 2538 1475 2557 nee
1505 2527 1608 2556 fratris
1639 2528 1683 2556 sui
1719 2527 1868 2557 Frideriei

222 2578 350 2607 Austrie
382 2577 469 2608 ducis
493 2577 640 2617 precibus
663 2578 746 2608 tlecti
773 2589 875 2618 posse.
901 2580 985 2620 quod
1011 2590 1029 2609 a
1053 2580 1228 2609 sanctitatis
1252 2584 1356 2609 vestre
1383 2581 1489 2609 favore
1515 2577 1653 2609 reeedat.

328 2679 370 2704 74.
400 2683 423 2709 ³}
443 2682 605 2705 Bawarorum
625 2681 664 2705 eil.
753 2680 775 2705 ¹²¹
796 2682 968 2705 cn‘ierniterium
988 2683 1025 2706 eal.
1115 2689 1136 2703 ⁴>
1156 2683 1260 2705 millium
1280 2683 1318 2705 cd.

328 2740 352 2764 11
381 2738 486 2764 Videtur
504 2747 556 2764 esse
578 2738 749 2764 Eberhard&
768 2739 892 2765 dommus
911 2740 943 2765 (Ie
965 2739 1124 2772 Holzeezbcms.
1214 2741 1239 2769 211
1260 2740 1348 2771 ,suipra
1370 2746 1408 2763 nr.
1422 2743 1461 2763 ἅτ’.
