2205 3025
278 2599 328 2618 1›==c.
342 2601 358 2618 1v

367 119 428 145 4150
600 113 694 138 ACTA
716 112 826 138 REGNI
848 111 1029 137 LUDEWICI
1050 111 1096 136 IV.
1117 111 1161 136 ΕΤ
1181 110 1365 136 FHIDERICI
1385 110 1433 136 ΙΙΙ,
1473 110 1546 136 1328.
1583 109 1629 135 Nr.
1645 110 1701 135 522.
1721 110 1780 136 523.

473 199 655 229 Ludovicus
680 199 739 228 Dei
765 198 868 238 gratia
892 198 1109 228 Romanorum
1139 197 1313 238 imperator
1341 206 1470 237 semper
1500 199 1652 237 augustus
1771 196 1912 237 providis
1943 197 2016 227 viris

368 249 567 283 officialibus,
593 250 724 279 consilio
749 252 781 279 ct
805 250 932 279 comuni
956 252 1040 279 terre
1058 248 1188 279 Sal-zani
1206 248 1362 278 Lunensis
1387 247 1551 286 dioecesis,
1576 247 1639 277 suis
1664 250 1696 278 et
1722 248 1846 288 imperii
1870 247 2017 279 fidelibus

367 302 492 332 dilectis
580 301 716 340 gratiam
741 311 828 330 suam
855 304 887 330 ct
911 310 1005 330 omne
1031 300 1158 330 bonum.

452 352 518 382 Etsi
544 352 719 392 imperialis
745 352 912 383 clementie
937 355 1044 382 nostre
1069 351 1211 382 liberalis
1235 350 1416 391 benignitas
1446 349 1487 380 ad
1512 360 1623 380 omnes
1648 360 1721 380 suos
1745 350 1961 381 benemeritos
1985 354 2017 381 et

366 404 477 435 fideles
495 404 670 434 extendero
688 414 815 433 manum
841 414 929 433 suam
955 403 1073 433 debeat
1097 402 1274 441 liberalem,
1300 402 1388 432 illos¹²
1412 404 1520 432 tamen
1545 401 1642 432 debet
1664 402 1774 442 gratiis
1799 405 1831 432 et
1854 402 2017 433 beneficiis

366 455 534 488 honorare.
560 455 611 495 qui
638 466 693 495 pro
719 454 905 485 defensione
924 458 956 484 et
973 455 1169 484 exaltatione
1187 454 1268 484 sacri
1285 453 1421 484 Romani
1446 453 1573 493 imperii
1597 463 1659 483 non
1685 453 1837 484 deficiunt
1860 453 2018 485 laborare.

368 506 451 536 Sane
476 517 531 536 nos
555 505 759 536 attendentes
784 506 988 536 devotionem
1014 510 1046 536 et
1069 505 1181 545 fidem,
1206 515 1302 546 quam
1328 515 1383 535 vos
1413 508 1445 535 et
1473 504 1558 535 dicta
1585 507 1671 535 terra
1697 508 1804 535 vestra
1831 505 1871 535 ad
1899 516 1957 536 nos
1987 510 2019 537 et

366 568 489 588 sacrum
514 557 695 587 Romanum
720 558 889 597 imperium
919 561 1050 587 actenus
1075 557 1245 594 habuistis„
1278 567 1373 597 quam
1398 566 1438 587 ex
1463 559 1596 597 experto
1621 556 1828 596 cognovimus
1853 559 1885 587 et
1907 548 2018 597 spera-

367 619 436 639 mns
461 609 597 649 amplius
622 619 815 649 cognoscere
841 609 870 638 in
896 609 1065 647 sucturum,
1090 609 1181 639 vobis
1204 612 1237 638 et
1261 608 1346 638 dicto
1371 612 1476 639 vestro
1501 608 1628 638 comuni
1650 607 1767 638 intuitu
1790 609 2018 647 premissorum

367 660 523 700 imperiali
549 661 738 690 auctoritate
763 660 968 690 concedimus
992 663 1025 690 et
1049 671 1088 690 ex
1113 663 1202 690 certa
1226 660 1358 690 scientia
1381 659 1595 700 indulgemus,
1619 662 1653 689 ut
1676 659 1805 699 possitis
1830 663 1862 689 et
1885 659 2018 691 valeatis

368 713 397 741 in
422 711 506 742 dicta
523 715 629 742 vestra
653 714 737 742 terra
763 712 918 751 introytus
943 721 1149 752 quoscunque
1166 711 1331 741 volueritis
1348 710 1506 750 ordinare,
1531 710 1637 740 facere
1662 713 1694 740 et
1710 709 1841 746 habere,
1866 714 1900 741 ut
1916 714 2018 742 retro-

366 764 444 793 actis
468 763 666 803 temporibus
691 763 898 793 c‹;›11sncvistis
923 768 955 793 et
979 766 1072 803 prout
1096 766 1227 793 utuntur
1255 763 1284 792 in
1309 762 1424 792 Tuscia
1454 763 1599 792 civitates
1623 771 1724 802 usque
1756 761 1795 792 ad
1820 765 1962 793 nostrum
1987 766 2020 793 et

367 815 491 854 imperii
518 814 766 855 beneplacitum.
820 814 871 844 Ad
897 815 955 845 hec
981 824 1109 855 quoque
1135 814 1278 845 volentes
1303 824 1359 844 vos
1384 817 1415 844 et
1441 813 1559 844 dictum
1584 816 1723 843 vestrum
1749 823 1883 843 comune
1908 824 2018 854 prose—

367 867 419 906 qui
444 865 663 896 favorabiliter
692 865 774 896 dono
804 867 1007 907 prerogative
1036 866 1138 906 gratie
1169 865 1326 906 specialis,
1355 865 1445 896 vobis
1475 868 1507 895 et
1535 864 1619 894 dicte
1644 867 1749 895 vestre
1779 867 1863 894 terre
1888 865 2018 896 Sarzani

367 917 569 948 concedimus
595 922 690 958 atque
709 917 820 947 damus
844 917 1001 958 imperiali
1019 918 1209 948 auctoritate
1233 927 1334 957 usque
1358 917 1398 947 ad
1423 919 1564 946 nostrum
1590 919 1621 946 et
1638 916 1764 956 imperii
1781 915 2018 956 beneplacitum

368 979 424 1008 pro
453 972 558 999 vestro
590 972 622 999 ct
651 969 735 999 dicte
768 973 871 999 vestre
903 973 986 999 terre
1019 969 1163 999 districtu
1195 972 1226 999 et
1258 968 1475 999 iurisdictione
1505 967 1568 998 duo
1603 967 1739 998 miliaria
1769 968 2018 1009 circumquaque

368 1019 539 1050 Sarzanam
564 1021 740 1060 prcdictam
766 1023 797 1050 et
821 1020 903 1050 ultra
928 1031 1036 1051 versus
1066 1030 1168 1057 marc,
1197 1020 1228 1049 id
1259 1019 1344 1060 quod
1370 1022 1417 1050 est
1445 1029 1463 1049 a
1492 1022 1592 1049 strata
1616 1018 1740 1049 Romea
1764 1018 1894 1049 inferius
1917 1030 2018 1060 usque

368 1071 408 1101 ad
433 1082 548 1112 aquam
575 1071 800 1111 Parmingnole
829 1082 900 1102 cum
926 1071 1107 1102 ncmoribns
1133 1070 1294 1112 Caprioni.
1350 1071 1452 1101 Salvis
1481 1074 1514 1101 et
1542 1071 1711 1101 reservatis
1740 1069 1859 1100 iuribus
1888 1071 2019 1101 alterius

368 1123 593 1163 cuiuscunque.
619 1123 732 1164 quibus
758 1133 814 1163 per
838 1124 918 1153 lianc
944 1127 1083 1153 nostram
1108 1123 1347 1153 concessionem
1373 1133 1434 1153 non
1459 1121 1651 1152 intendimus
1676 1120 1842 1161 derogare.
1933 1121 2019 1153 Nulli

370 1184 446 1214 crgo
471 1174 632 1204 hominum
657 1175 753 1205 liceat
782 1174 862 1205 lianc
886 1178 993 1204 nostre
1018 1174 1194 1205 maiestatis
1222 1175 1358 1214 gratiam
1390 1177 1421 1204 et
1445 1173 1682 1204 concessionem
1710 1173 1884 1213 infringere
1908 1173 1959 1204 vel
1989 1174 2018 1204 ei

368 1236 446 1255 ausu
471 1227 642 1256 temerario
667 1225 856 1256 conti-abire.
905 1225 937 1256 Si
962 1227 1032 1266 quis
1057 1236 1132 1256 vero
1158 1228 1267 1255 contra
1292 1225 1437 1265 predicta
1455 1225 1505 1255 vel
1531 1224 1659 1265 aliquod
1678 1223 1893 1264 predictorum
1911 1224 2018 1255 facere

369 1278 419 1307 vel
444 1278 551 1307 venire
577 1278 816 1317 presumpserit,
842 1287 971 1318 gravem
997 1277 1269 1317 indingnationem
1295 1280 1435 1306 nostram
1461 1283 1492 1306 et
1517 1286 1632 1316 penam
1662 1278 1788 1306 centum
1818 1276 2019 1307 marcharum

370 1329 437 1359 auri
466 1339 522 1369 pro
552 1328 685 1359 dimidia
714 1332 819 1358 nostre
850 1328 949 1358 fiscali
981 1338 1106 1359 camere
1140 1332 1171 1358 et
1202 1338 1258 1368 pro
1301 1327 1363 1358 alia
1394 1327 1526 1357 dimidia
1554 1327 1635 1367 parti
1667 1326 1732 1357 lese
1763 1327 1955 1367 applicanda
1987 1338 2020 1358 se

368 1381 492 1411 noverit
522 1381 727 1410 incursurum.
839 1380 874 1410 ln
906 1381 992 1410 cuius
1024 1380 1068 1410 rei
1099 1379 1314 1409 testimonium
1346 1382 1510 1419 presentes
1540 1378 1633 1408 scribi
1669 1378 1822 1408 iubsimus
1853 1382 1884 1408 et
1912 1382 2019 1409 nostre

368 1432 544 1462 maiestatis
569 1431 662 1471 sigilli
687 1432 860 1462 munimine
884 1431 1037 1461 roborari.

476 1483 561 1513 Data
586 1483 677 1518 Pisisq
703 1493 784 1513 anno
809 1483 937 1513 Domini
962 1481 1244 1520 MCCCXXVIH,
1275 1481 1338 1511 ind.
1363 1481 1442 1520 XII,
1475 1480 1526 1511 die
1553 1480 1707 1521 vigesimo
1734 1484 1825 1511 sexto
1850 1481 2018 1522 Novemb„

370 1535 459 1575 regni
484 1535 580 1565 nostri
606 1545 688 1565 anno
713 1534 785 1567 XV,
810 1535 934 1575 imperii
960 1544 1033 1564 vero
1060 1534 1171 1574 primo.

677 1700 760 1734 523.
802 1700 982 1733 Gom-esitio
1012 1711 1085 1733 rum
1116 1700 1251 1733 civitate
1280 1698 1436 1732 Lus-ana.
1548 1698 1633 1732 Noc.
1654 1698 1713 1732 30.

480 1775 641 1814 Origlinrtlc
666 1784 735 1811 (01η
764 1774 795 1803 in
819 1773 978 1804 stabulario
1007 1774 1088 1812 rcyio
1112 1773 1252 1803 Lucano.
1311 1772 1507 1804 (ertulimus
1536 1782 1600 1802 νιος.
1657 1770 1801 1810 Siyc'llztm
1827 1771 1926 1808 [lec-st,
1956 1771 2021 1810 filis

370 1827 478 1857 ssu-icis
503 1826 612 1856 viridis
635 1826 768 1864 flavique
791 1825 901 1855 eoloris
925 1825 1049 1858 relictis.
1096 1825 1136 1855 In
1159 1835 1244 1855 verso
1269 1825 1398 1863 lcjst'tma‘
1424 1828 1518 1864 pacta
1547 1824 1759 1854 Lucanorum.

480 1886 621 1916 JJ'silmzer.
648 1885 720 1923 Iseo.
746 1885 855 1915 Ludw.
877 1896 908 1923 2).
926 1885 966 1915 62
988 1896 1037 1915 vr.
1058 1886 1148 1914 1010*

480 1971 660 2001 Ludovicns
684 1971 744 2000 Dei
780 1971 883 2011 gratia
910 1970 1128 2000 Romanorum
1163 1971 1337 2010 imperator
1366 1979 1493 2009 semper
1523 1972 1676 2010 augustus
1771 1968 1917 1998 discretis
1946 1969 2021 1998 viris

372 2023 496 2053 comuni
527 2026 559 2052 ct.
587 2022 783 2052 universitati
814 2022 976 2052 hominum
1006 2022 1142 2051 civitatis
1166 2022 1310 2054 Lucana
1340 2022 1403 2051 suis
1435 2024 1467 2051 et
1494 2020 1619 2061 imperii
1648 2019 1796 2050 fidelibus
1884 2020 2021 2060 gratiam

372 2085 460 2104 suam
486 2078 517 2103 et
542 2084 634 2103 omno
660 2073 788 2104 bonum.

486 2128 507 2154 1.
545 2124 629 2165 Erga
655 2135 709 2154 ros
733 2129 764 2154 ct
789 2126 950 2154 civitatem
974 2125 1136 2167 Lucanam
1167 2125 1197 2154 in
1222 2124 1313 2155 nobis
1337 2124 1471 2154 affectus
1500 2121 1676 2163 imperialis
1700 2121 1868 2152 clementie
1895 2132 2022 2162 semper

373 2177 539 2208 exuberat.
564 2180 734 2216 querentes
760 2176 848 2206 vobis
873 2186 1061 2215 prsnnoverc
1087 2186 1241 2216 prospera
1265 2175 1436 2215 diligenter
1461 2177 1493 2205 et
1509 2175 1610 2204 vitare
1636 2173 1853 2203 indesinenter
1876 2172 2021 2203 adversa.

374 2228 510 2258 l'roindr¹
536 2228 692 2267 siquidem
718 2228 882 2267 cupientes
908 2227 1039 2267 pacifico
1065 2227 1159 2257 statui
1184 2230 1289 2257 vestro
1317 2226 1493 2263 consulere,
1519 2225 1689 2265 prehabito
1714 2234 1785 2254 cum
1810 2223 1922 2254 decem
1947 2234 2021 2254 con-

373 2279 497 2309 siliariis
525 2279 743 2318 imperialibus
773 2278 907 2308 civitatis
942 2278 1085 2318 predicte
1117 2278 1261 2319 diligenti
1297 2280 1434 2307 tractatu
1470 2287 1644 2317 eorumque
1683 2276 1763 2305 votis
1795 2275 2022 2306 accedentibus

372 2331 499 2360 nominc
524 2331 666 2359 comunis
691 2330 835 2370 predicti,
860 2340 916 2369 pro
943 2330 1081 2360 evidenti
1099 2330 1241 2360 comunis
1266 2328 1410 2359 ciusdem
1434 2328 1574 2358 utilitate
1599 2326 1737 2368 quedam
1763 2325 1911 2356 duximus
1936 2325 2020 2356 ordi-

373 2382 478 2412 nanda
502 2382 531 2411 in
557 2382 637 2411 sci-ic
663 2381 878 2421 subsequenti.

481 2435 508 2462 2.
549 2432 697 2472 Inprimis
722 2432 872 2462 videlicetv
901 2432 986 2472 quod
1012 2433 1174 2462 Lucanum
1204 2441 1338 2462 comune
1366 2441 1423 2471 pro
1452 2441 1484 2461 se
1514 2430 1641 2470 suisque
1671 2429 1838 2466 comitatu,
1872 2428 1966 2458 fortia
1991 2431 2023 2458 et

374 2484 517 2514 districtu
543 2483 631 2513 dabit
655 2488 687 2513 et
710 2484 811 2513 solvet
836 2484 926 2513 nobis
950 2484 1000 2513 vol
1025 2487 1130 2513 nostre
1155 2494 1280 2514 camere
1306 2483 1463 2523 imperiali
1488 2492 1543 2512 scu
1568 2481 1668 2511 nobili
1691 2481 1757 2511 viro
1782 2479 1956 2510 Frederico
1981 2479 2021 2509 de

375 2535 556 2575 octinghon
585 2535 701 2573 comiti,
731 2538 838 2565 nostro
868 2535 896 2564 in
921 2535 1037 2565 Tuscia
1061 2535 1177 2565 vicario
1207 2535 1349 2575 generali
1380 2538 1434 2564 aut
1464 2543 1590 2564 camere
1620 2532 1729 2562 vicarii
1758 2531 1932 2572 supradicti
1964 2541 2021 2571 pro

376 2598 437 2617 uno
471 2598 552 2617 anno
585 2586 765 2626 incipiendo
796 2587 825 2615 in
856 2586 1010 2615 Kalendis
1043 2585 1229 2615 Decembris
1265 2586 1410 2625 proxime
1440 2584 1663 2625 subsequentis
1691 2583 1903 2624 quadraginta
1933 2582 2022 2612 milia

375 2639 578 2668 florenorum.
626 2637 724 2667 Dabit
748 2637 844 2666 ctiam
870 2640 901 2666 ct
925 2637 1027 2666 solvet
1051 2636 1242 2676 prelibatum
1268 2646 1402 2666 comune
1427 2635 1544 2666 vicario
1571 2638 1747 2665 memorato
1772 2644 1829 2674 pro
1855 2632 2021 2674 stipendiis

478 2731 542 2757 52⁸2.
574 2732 596 2753 Εἰ
617 2732 667 2755 illis
687 2736 717 2755 ἰν,

2039 668 2063 686 10

2037 926 2061 944 15

2036 1183 2063 1202 20

2039 1439 2064 1457 25

2038 1832 2064 1850 30

2041 2132 2065 2151 35

2040 2388 2066 2406 40

2039 2643 2064 2661 <15
