2205 3025
139 720 163 738 10

138 976 162 995 15

136 1233 162 1252 ⁴20

142 1746 167 1765 30

140 2002 164 2021 35

140 2260 165 2278 40

142 2774 167 2793 50

415 163 518 190 ACTA*
530 164 643 190 REGNI
661 165 846 192 LUDEWICI
864 165 910 191 IV.
930 166 975 192 ET
994 165 1177 192 FRIDERICI
1196 166 1244 191 ΙΙΙ.

182 249 274 280 nobis
305 259 375 279 cum
403 249 505 279 multa
528 250 683 280 instancia
714 255 747 282 et
770 255 901 291 rogatus
925 261 977 281 co-

180 300 308 330 namine
323 299 483 330 humiliter
496 300 722 341 supplicarunt,
742 303 889 342 quatinus
901 303 978 342 ipsis

182 361 219 382 ac
249 351 345 391 opido
378 361 489 382 eorum
524 352 555 381 in
587 351 804 383 Frankenfurt
834 353 977 393 predicto

181 403 287 433 omnia
308 405 340 433 et
356 402 480 442 singula
497 402 675 442 privilegia,
699 404 767 433 iura
791 414 857 441 sua,
881 403 977 433 liber-

181 456 278 493 tates,
309 453 434 494 gracias
469 456 501 483 et
531 454 785 484 conswetudines
811 465 883 484 suas
914 457 978 484 tam

181 505 330 545 antiquas
354 515 450 545 quam
478 515 576 535 novas
604 505 680 544 ipsis
709 516 727 535 a
755 505 834 535 divis
858 505 977 535 Roma-

180 566 291 586 norum
310 555 556 596 imperatoribus
573 566 610 586 ac
627 556 755 596 regibus
772 556 979 596 predecesso-

180 607 268 637 ribus
294 607 409 637 nostris
437 606 552 637 inclitis
580 617 702 637 necnon
736 618 754 637 a
783 607 874 637 nobis
903 608 978 647 ipsis

181 658 379 699 temporibus
404 659 573 688 retroactis
596 658 772 698 graciosius
796 657 920 688 indulta
948 662 979 688 et

181 719 332 740 concessa
356 719 413 740 seu
428 709 568 739 indultas
591 719 628 739 ac
645 719 812 739 concessas
830 708 869 739 de
886 709 979 739 solita

180 764 288 791 nostra
311 760 488 791 clemencia
512 760 716 801 dignaremur
739 760 920 800 approbare
944 771 979 791 ac

181 813 278 842 etiam
301 811 540 842 benivolencius
564 812 762 842 confirmare.
814 811 880 841 Nos
904 821 978 842 vero

183 863 431 902 considerantes,
455 862 541 903 quod
564 862 738 892 infallibilis
763 862 842 892 fides
867 867 899 893 et
923 863 978 893 de-

180 915 286 954 vocio,
326 917 473 945 constans
502 913 728 955 obsequiorum
760 914 978 954 promptitudo

182 970 214 996 et
238 965 441 1003 obediencia,
466 965 579 1006 quibus
603 975 680 1006 erga
704 975 760 995 nos
791 968 823 995 et
854 975 979 995 sacrum

182 1017 363 1048 Romanum
401 1017 571 1057 imperium
610 1027 739 1057 semper
777 1016 980 1047 laudabiliter

180 1069 376 1106 claruerunt,
416 1067 596 1098 huiusmodi
636 1078 746 1098 eorum
786 1068 978 1108 peticionem

181 1119 319 1151 reddunt
356 1119 595 1150 racionabiliter
628 1119 861 1149 admittendam
898 1122 978 1150 tam-

181 1182 277 1212 quam
293 1171 440 1201 meritam
458 1174 490 1201 et
506 1170 707 1211 condignam,
733 1171 808 1211 ipsis
829 1171 980 1211 predictis

181 1223 301 1253 civibus
340 1232 377 1253 ac
415 1222 511 1262 opido
547 1222 763 1253 Frankenfurt
800 1222 906 1252 omnia
949 1228 980 1253 et

180 1274 305 1315 singula
334 1284 444 1304 eorum
473 1273 658 1314 privilegia,
693 1274 776 1311 iura,
812 1273 979 1304 libertates

181 1328 214 1356 et
247 1325 373 1366 gracias
400 1335 438 1355 ac
466 1325 721 1355 conswetudines
761 1335 978 1366 quascunque,

181 1380 276 1418 prout
298 1377 375 1417 ipsis
406 1387 425 1406 a
451 1376 603 1417 predictis
631 1377 746 1407 nostris
770 1376 979 1417 predecesso-

180 1428 267 1459 ribus
291 1429 341 1459 vel
365 1439 383 1458 a
407 1427 499 1458 nobis
522 1428 581 1458 rite
606 1431 637 1458 et
654 1428 893 1458 racionabiliter
917 1432 979 1459 tra-

183 1480 249 1510 dita
273 1482 344 1510 sunt
374 1482 406 1509 et
429 1489 581 1509 concessa
611 1490 667 1510 seu
697 1479 813 1509 tradite
845 1484 876 1509 et
906 1490 979 1510 con-

183 1541 282 1565 cesse,
307 1530 523 1571 approbamus
541 1534 572 1560 et
589 1530 790 1571 presentibus
806 1532 981 1571 graciosius

183 1583 416 1613 confirmamus.

183 1645 258 1664 num
282 1634 377 1664 liceat
401 1633 482 1664 hauc
506 1638 612 1664 nostre
630 1634 884 1664 confirmacionis
908 1645 981 1673 gra-

183 1686 263 1716 ciam
288 1685 458 1725 infrigere³
475 1685 526 1715 vel
544 1685 573 1715 ei
590 1696 668 1715 ausu
685 1685 792 1726 aliquo
811 1686 981 1716 temerario

186 1737 359 1774 contraire,
405 1736 486 1766 sicut
532 1736 790 1776 indignacionem
840 1740 981 1767 nostram

185 1798 315 1828 gravem
347 1791 379 1818 et
413 1797 528 1827 penam
565 1792 691 1818 centum
728 1788 879 1818 librarum
914 1787 981 1816 auri

183 1840 270 1880 puri,
307 1849 440 1879 quarum
472 1838 630 1869 medietas
658 1840 734 1869 fisco
766 1843 887 1877 nostro,
919 1838 982 1868 alia

183 1901 259 1921 vero
295 1890 452 1921 medietas
482 1889 628 1920 iniuriam
663 1902 757 1931 passo
793 1890 981 1930 applicetur,

183 1942 321 1972 voluerit
344 1942 515 1972 studiosius
544 1943 674 1973 evitare.
779 1942 815 1971 In
848 1951 981 1981 quorum

184 1994 400 2024 testimonium
430 1998 595 2034 presentes
625 1993 783 2023 conscribi
818 1996 849 2023 et
877 1992 981 2033 sigillo

183 2045 361 2075 maiestatis
384 2048 492 2075 nostre
516 2044 664 2074 iussimus
689 2044 886 2074 communiri.

513 1581 599 1612 Nulli
625 1592 701 1622 ergo
726 1583 853 1613 omnino
879 1583 980 1613 homi-

225 2147 299 2178 Dat.
316 2146 434 2187 Papie‚
463 2147 620 2187 vigesima
642 2150 735 2176 sexta
760 2146 876 2176 mensis
900 2146 982 2175 Iunii

184 2198 265 2237 diea,
290 2208 372 2228 anno
398 2197 527 2228 Domini
556 2198 726 2228 millesimo
756 2197 981 2227 trecentesimo

183 2250 338 2290 vigesimo
363 2259 463 2282 nono.
493 2250 583 2290 regni
612 2250 711 2279 nostri
745 2259 826 2279 anno
856 2249 981 2289 quinto-

185 2300 320 2337 decimo,
345 2301 471 2341 imperii
495 2311 570 2331 vero
595 2300 745 2331 secundo.

288 2717 353 2743 598.
383 2718 406 2749 a)
425 2719 460 2742 sic
480 2718 512 2742 A.

287 2768 352 2794 599.
380 2769 402 2801 c)
423 2769 514 2794 excidit
532 2769 564 2793 B.

1282 166 1355 192 1329.
1392 166 1439 192 ΝΥ,
1453 166 1510 192 598.
1531 166 1589 192 599.
1767 169 1828 198 499

1031 251 1122 282 nobis
1155 262 1225 282 cum
1264 252 1364 282 multa
1404 250 1598 293 [instancia]c
1631 255 1663 282 et
1697 255 1828 292 rogatus

1031 303 1197 332 conamine
1221 302 1384 333 humiliter
1412 303 1644 343 supplicarunt,
1674 306 1829 343 quatenus

1031 353 1106 392 ipsis
1131 363 1167 383 ac
1192 353 1287 393 opido
1313 364 1423 384 eorum
1447 354 1478 383 in
1495 353 1732 385 Franckenffirt
1756 365 1828 394 pre-

1032 403 1115 434 dicto
1140 405 1246 434 onmia
1270 407 1301 434 et
1324 405 1449 445 singula
1466 405 1643 445 privilegia,
1668 405 1736 436 iura
1760 415 1828 444 sua,

1030 454 1210 493 libertates,
1249 456 1373 496 gracias
1411 459 1443 486 et
1475 455 1721 486 consuetudines
1756 467 1829 486 suas

1031 508 1096 535 tam
1131 506 1278 546 antiquas
1316 517 1411 546 quam
1450 517 1548 536 novas
1584 507 1659 546 ipsis
1694 518 1713 537 a
1749 507 1829 537 divis

1031 555 1248 587 Romanorum
1272 557 1518 597 imperatoribus
1543 568 1579 588 ac
1604 558 1732 598 regibus
1755 568 1828 598 pre-

1032 606 1254 637 decessoribus
1278 609 1391 638 nostris
1414 608 1529 638 inclitis
1553 619 1674 639 necnon
1699 620 1718 639 a
1738 609 1830 640 nobis

1031 658 1107 698 ipsis
1141 659 1339 698 temporibus
1374 661 1540 690 retroactis
1572 661 1747 699 graciosius
1780 661 1828 690 in-

1033 709 1121 739 dulta
1144 712 1177 739 et
1200 720 1351 740 concessa
1374 721 1430 740 seu
1455 711 1591 741 indultas
1615 714 1647 741 et
1663 721 1829 742 concessas

1033 759 1072 789 de
1097 760 1190 790 solita
1214 763 1321 790 nostra
1347 761 1520 791 clemencia
1545 761 1749 802 dignaremur
1773 772 1828 802 ap-

1034 810 1169 851 probare
1194 821 1231 841 ac
1249 812 1350 841 eciam
1376 812 1613 842 benivolencius
1631 813 1828 843 confirmare.

1033 861 1099 891 Nos
1134 872 1209 892 vero
1245 862 1496 902 considerantes,
1537 864 1621 904 quod
1656 863 1830 894 infallibilis

1033 913 1112 943 fides
1151 917 1183 943 et
1221 913 1353 944 devocio
1393 918 1554 954 constans,
1604 914 1828 955 obsequiorum

1033 964 1250 1005 promptitudo
1269 968 1300 994 et
1318 965 1515 998 obediencia,
1541 965 1654 1006 quibus
1672 976 1749 1006 erga
1773 976 1829 996 nos

1034 1019 1066 1045 et
1103 1026 1225 1045 sacrum
1266 1016 1445 1046 Romanum
1492 1017 1659 1056 imperium
1704 1027 1830 1057 semper

1034 1066 1237 1097 laudabiliter
1269 1067 1464 1101 claruerunt,
1504 1067 1684 1098 huiusmodi
1720 1078 1830 1098 eorum

1034 1118 1226 1158 peticionem
1243 1118 1381 1148 reddunt
1404 1118 1642 1148 racionabiliter
1659 1118 1829 1149 admitten-

1034 1169 1104 1199 dam
1132 1173 1282 1210 tanquam
1306 1170 1452 1199 meritam
1478 1173 1510 1200 et
1532 1169 1731 1210 condignam,
1755 1171 1831 1210 ipsis

1034 1220 1185 1261 predictis
1228 1220 1349 1251 civibus
1387 1231 1423 1251 ac
1463 1220 1558 1261 opido
1598 1220 1832 1251 Franckenfiirt

1034 1273 1140 1302 onmia
1175 1276 1207 1302 et
1239 1272 1362 1312 singula
1392 1282 1502 1302 eorum
1538 1272 1718 1312 privilegia,
1753 1273 1830 1311 iura,

1033 1323 1199 1353 libertates
1224 1329 1255 1353 et
1279 1323 1401 1363 gracias
1426 1333 1462 1353 ac
1479 1323 1723 1353 consuetudines
1740 1333 1831 1363 quas-

1036 1385 1181 1415 cumque,
1206 1378 1299 1414 prout
1315 1374 1390 1414 ipsis
1415 1385 1432 1404 a
1457 1374 1607 1414 predictis
1624 1375 1737 1404 nostris
1761 1384 1832 1414 pre-

1036 1426 1257 1457 decessoribus
1281 1426 1330 1456 vel
1356 1436 1374 1455 a
1399 1425 1490 1456 nobis
1514 1426 1573 1455 rite
1598 1428 1629 1455 et.
1654 1424 1830 1455 racionabi-

1034 1478 1107 1508 liter
1124 1477 1241 1508 tradita
1265 1480 1337 1507 sunt
1361 1480 1393 1507 et
1410 1487 1562 1507 concessa
1586 1487 1642 1506 seu
1660 1476 1775 1506 tradite
1801 1479 1832 1506 et

1035 1539 1196 1559 concesse.
1226 1528 1442 1569 approbamus
1467 1532 1497 1558 et
1521 1528 1694 1568 graciosius
1719 1528 1831 1558 confir-

1036 1591 1168 1611 mamus.
1280 1580 1366 1610 Nulli
1402 1590 1477 1620 ergo
1511 1580 1638 1609 omnino
1670 1580 1830 1609 hominum

1036 1632 1130 1662 liceat
1152 1632 1233 1662 hanc
1262 1636 1369 1662 nostre
1399 1631 1651 1661 confirmacionis
1680 1629 1751 1671 [et]C
1775 1640 1830 1670 ap-

1036 1683 1238 1724 probacionis
1262 1684 1411 1723 paginam
1436 1682 1608 1721 infringere
1627 1681 1675 1711 vel
1701 1682 1728 1711 ei
1753 1691 1831 1711 ausu

1036 1735 1142 1775 aliquo
1168 1735 1338 1765 temerario
1363 1734 1529 1763 contraire.
1578 1732 1670 1768 Quod
1689 1733 1741 1772 qui
1758 1743 1830 1772 pre-

1035 1786 1214 1827 sumpserit,
1237 1785 1493 1825 indignacionem
1511 1788 1649 1814 nostram
1668 1788 1699 1813 et
1716 1793 1830 1823 penam

1035 1841 1163 1867 eentum
1187 1836 1339 1867 librarum
1357 1836 1423 1866 auri
1448 1836 1515 1876 puri
1541 1834 1690 1875 ponderis
1707 1834 1830 1874 legalis,

1035 1888 1244 1919 medietatem
1268 1888 1343 1917 fisco
1361 1890 1467 1916 nostro
1492 1889 1523 1916 et
1539 1886 1693 1926 reliquam
1711 1885 1830 1915 medie-

1035 1944 1133 1971 tatem
1160 1940 1260 1980 passis
1277 1939 1422 1969 iniuriam
1440 1937 1625 1967 solvendam
1650 1947 1683 1967 se
1708 1937 1832 1966 noverit

1035 1993 1242 2022 incursurum.
1354 1990 1389 2019 In
1419 1999 1553 2030 quorum
1578 1989 1717 2018 omnium
1741 1988 1830 2018 testi-

1035 2043 1175 2073 monium
1209 2045 1240 2072 et
1268 2041 1451 2071 firmitatem
1482 2042 1647 2080 presentes
1677 2038 1830 2069 conscribi

1036 2098 1067 2124 et
1094 2093 1182 2124 bulla
1206 2096 1313 2123 nostra
1343 2102 1440 2121 aurea
1468 2091 1615 2121 iussimus
1645 2090 1830 2120 conmuniri.

1077 2145 1151 2176 Dat.
1169 2144 1281 2184 Papie.
1306 2143 1461 2184 vigesima
1485 2142 1621 2182 septima
1646 2141 1697 2171 die
1715 2142 1832 2171 mensis

1035 2197 1131 2234 Iunii,
1162 2195 1335 2226 indictione
1361 2193 1564 2231 duodecima,
1596 2203 1678 2222 anno
1702 2191 1831 2222 Domini

1035 2247 1204 2278 millesimo
1221 2246 1446 2276 trecentesimo
1464 2244 1613 2274 vicesimo
1631 2254 1724 2281 nono,
1742 2243 1830 2283 regni

1035 2299 1133 2329 nostri
1172 2308 1254 2328 anno
1294 2295 1545 2337 quintodecimo.
1595 2295 1717 2334 imperii
1758 2304 1830 2323 vero

1035 2348 1185 2379 secundo.

1077 2412 1232 2454 Signum
1258 2411 1377 2441 domini
1401 2409 1564 2440 Ludowici
1591 2410 1694 2449 quarti
1711 2409 1829 2438 Roma—

1035 2475 1145 2494 norum
1171 2463 1238 2502 (M.)
1263 2462 1466 2502 imperatoris
1490 2458 1720 2498 invictissiiiii.{{

1077 2526 1168 2568 Egocl
1207 2527 1306 2557 frater
1344 2525 1515 2555 Heinricus
1558 2534 1645 2554 sacre
1691 2522 1829 2552 theoloie

1035 2579 1146 2609 doctor
1179 2588 1294 2618 gerens
1330 2576 1467 2606 officium
1501 2574 1679 2605 cancellarii
1712 2572 1829 2602 domini

1035 2629 1236 2669 imperatoris
1271 2628 1340 2658 vice
1372 2625 1602 2665 archiepiscopi
1632 2623 1828 2653 Colmiiensis

1036 2679 1306 2710 archicancellarii
1331 2688 1388 2718 per
1412 2676 1536 2706 Italiam
1564 2675 1742 2714 recognovi⁴

653 2767 677 2799 d)
697 2769 788 2792 abhinc
807 2775 898 2791 manus
919 2767 1070 2790 cancellarii
1088 2766 1115 2790 in
1136 2766 1167 2790 B.
