<?xml version="1.0" encoding="UTF-8"?>
<!DOCTYPE html PUBLIC "-//W3C//DTD XHTML 1.0 Transitional//EN"
    "http://www.w3.org/TR/xhtml1/DTD/xhtml1-transitional.dtd">
<html xmlns="http://www.w3.org/1999/xhtml" xml:lang="en" lang="en">
 <head>
  <title>
</title>
<meta http-equiv="Content-Type" content="text/html;charset=utf-8" />
  <meta name='ocr-system' content='tesseract 3.04.00' />
  <meta name='ocr-capabilities' content='ocr_page ocr_carea ocr_par ocr_line ocrx_word'/>
</head>
<body>
  <div class='ocr_page' id='page_1' title='image "./monumentagermani0601geseuoft/monumentagermani0601geseuoft_0619.png"; bbox 0 0 2205 3025; ppageno 0'>
   <div class='ocr_carea' id='block_1_1' title="bbox 582 170 1868 207">
    <p class='ocr_par' dir='ltr' id='par_1_1' title="bbox 582 170 1868 207">
     <span class='ocr_line' id='line_1_1' title="bbox 582 170 1868 207; baseline 0.004 -11"><span class='ocrx_word' id='word_1_1' title='bbox 582 170 676 197; x_wconf 83' lang='lat' dir='ltr'>ACTA</span> <span class='ocrx_word' id='word_1_2' title='bbox 696 170 809 197; x_wconf 87' lang='lat' dir='ltr'><strong>REGNI</strong></span> <span class='ocrx_word' id='word_1_3' title='bbox 830 170 1013 198; x_wconf 87' lang='lat' dir='ltr'>LUDEWICI</span> <span class='ocrx_word' id='word_1_4' title='bbox 1033 172 1079 198; x_wconf 88' lang='lat' dir='ltr'>IV.</span> <span class='ocrx_word' id='word_1_5' title='bbox 1117 173 1192 199; x_wconf 78' lang='lat'>1330.</span> <span class='ocrx_word' id='word_1_6' title='bbox 1229 173 1277 199; x_wconf 86' lang='lat' dir='ltr'>Nr.</span> <span class='ocrx_word' id='word_1_7' title='bbox 1290 173 1348 199; x_wconf 84' lang='lat'><strong>683.</strong></span> <span class='ocrx_word' id='word_1_8' title='bbox 1367 174 1426 200; x_wconf 77' lang='grc'><strong>684.</strong></span> <span class='ocrx_word' id='word_1_9' title='bbox 1445 174 1504 200; x_wconf 80' lang='grc'><strong>685.</strong></span> <span class='ocrx_word' id='word_1_10' title='bbox 1809 177 1868 207; x_wconf 66' lang='lat'>531</span> 
     </span>
    </p>
   </div>
   <div class='ocr_carea' id='block_1_2' title="bbox 461 303 1624 339">
    <p class='ocr_par' dir='ltr' id='par_1_2' title="bbox 461 303 1624 339">
     <span class='ocr_line' id='line_1_2' title="bbox 461 303 1624 339; baseline 0.001 -2"><span class='ocrx_word' id='word_1_11' title='bbox 461 303 546 337; x_wconf 80' lang='lat'><strong>683.</strong></span> <span class='ocrx_word' id='word_1_12' title='bbox 589 303 742 337; x_wconf 73' lang='lat' dir='ltr'>Litterae</span> <span class='ocrx_word' id='word_1_13' title='bbox 770 303 816 337; x_wconf 76' lang='lat' dir='ltr'>ad</span> <span class='ocrx_word' id='word_1_14' title='bbox 845 303 1025 338; x_wconf 71' lang='lat' dir='ltr'>Nicolaum</span> <span class='ocrx_word' id='word_1_15' title='bbox 1057 305 1097 338; x_wconf 72' lang='lat' dir='ltr'>de</span> <span class='ocrx_word' id='word_1_16' title='bbox 1125 304 1352 339; x_wconf 70' lang='lat' dir='ltr'>Sturionihns.</span> <span class='ocrx_word' id='word_1_17' title='bbox 1465 304 1544 338; x_wconf 76' lang='lat' dir='ltr'>Ian.</span> <span class='ocrx_word' id='word_1_18' title='bbox 1565 306 1624 338; x_wconf 70' lang='lat'>21.</span> 
     </span>
    </p>
   </div>
   <div class='ocr_carea' id='block_1_3' title="bbox 214 375 1871 467">
    <p class='ocr_par' dir='ltr' id='par_1_3' title="bbox 214 375 1871 467">
     <span class='ocr_line' id='line_1_3' title="bbox 326 375 1871 416; baseline 0.003 -10"><span class='ocrx_word' id='word_1_19' title='bbox 326 375 423 415; x_wconf 72' lang='lat' dir='ltr'>Copia</span> <span class='ocrx_word' id='word_1_20' title='bbox 454 376 508 416; x_wconf 88' lang='lat' dir='ltr'>(c.)</span> <span class='ocrx_word' id='word_1_21' title='bbox 536 376 648 407; x_wconf 72' lang='lat' dir='ltr'>ibidem</span> <span class='ocrx_word' id='word_1_22' title='bbox 672 376 857 407; x_wconf 79' lang='lat' dir='ltr'>t0m.11511</span> <span class='ocrx_word' id='word_1_23' title='bbox 883 376 1017 414; x_wconf 77' lang='lat' dir='ltr'>fol.163</span> <span class='ocrx_word' id='word_1_24' title='bbox 1046 378 1206 410; x_wconf 63' lang='lat' dir='ltr'>mn1923.</span> <span class='ocrx_word' id='word_1_25' title='bbox 1261 377 1457 409; x_wconf 68' lang='lat' dir='ltr'>Contulimas</span> <span class='ocrx_word' id='word_1_26' title='bbox 1486 388 1550 409; x_wconf 71' lang='lat' dir='ltr'>vos.</span> <span class='ocrx_word' id='word_1_27' title='bbox 1591 396 1629 400; x_wconf 96' lang='lat'><strong>—</strong></span> <span class='ocrx_word' id='word_1_28' title='bbox 1663 377 1724 408; x_wconf 75' lang='lat' dir='ltr'>Ed.</span> <span class='ocrx_word' id='word_1_29' title='bbox 1746 378 1871 410; x_wconf 59' lang='lat' dir='ltr'>Riezler</span> 
     </span>
     <span class='ocr_line' id='line_1_4' title="bbox 214 426 953 467; baseline 0.003 -11"><span class='ocrx_word' id='word_1_30' title='bbox 214 426 233 456; x_wconf 85' lang='lat' dir='ltr'>l.</span> <span class='ocrx_word' id='word_1_31' title='bbox 251 437 274 457; x_wconf 80' lang='lat' dir='ltr'>c.</span> <span class='ocrx_word' id='word_1_32' title='bbox 295 437 328 467; x_wconf 83' lang='lat' dir='ltr'>p.</span> <span class='ocrx_word' id='word_1_33' title='bbox 346 428 408 457; x_wconf 79' lang='lat'>439</span> <span class='ocrx_word' id='word_1_34' title='bbox 431 438 481 458; x_wconf 74' lang='lat' dir='ltr'>nr.</span> <span class='ocrx_word' id='word_1_35' title='bbox 499 427 583 458; x_wconf 74' lang='grc'>1258</span> <span class='ocrx_word' id='word_1_36' title='bbox 606 438 643 458; x_wconf 70' lang='lat' dir='ltr'>ex</span> <span class='ocrx_word' id='word_1_37' title='bbox 667 438 692 458; x_wconf 88' lang='lat' dir='ltr'>c.</span> <span class='ocrx_word' id='word_1_38' title='bbox 717 428 953 467; x_wconf 72' lang='lat' dir='ltr'>(decurtatum).</span> 
     </span>
    </p>
   </div>
   <div class='ocr_carea' id='block_1_4' title="bbox 170 512 1868 1117">
    <p class='ocr_par' dir='ltr' id='par_1_4' title="bbox 322 512 757 544">
     <span class='ocr_line' id='line_1_5' title="bbox 322 512 757 544; baseline 0.002 -2"><span class='ocrx_word' id='word_1_39' title='bbox 322 512 455 544; x_wconf 84' lang='lat' dir='ltr'>Nicolao</span> <span class='ocrx_word' id='word_1_40' title='bbox 481 513 521 544; x_wconf 89' lang='lat' dir='ltr'>de</span> <span class='ocrx_word' id='word_1_41' title='bbox 546 512 757 544; x_wconf 84' lang='lat' dir='ltr'>Sturionibus.</span> 
     </span>
    </p>

    <p class='ocr_par' dir='ltr' id='par_1_5' title="bbox 183 563 1868 812">
     <span class='ocr_line' id='line_1_6' title="bbox 183 563 1868 606; baseline 0.002 -12"><span class='ocrx_word' id='word_1_42' title='bbox 183 571 195 589; x_wconf 72' lang='lat'>⁵</span> <span class='ocrx_word' id='word_1_43' title='bbox 322 563 423 594; x_wconf 83' lang='lat' dir='ltr'>Grata</span> <span class='ocrx_word' id='word_1_44' title='bbox 450 564 628 595; x_wconf 83' lang='lat' dir='ltr'>litterarum</span> <span class='ocrx_word' id='word_1_45' title='bbox 659 568 785 595; x_wconf 86' lang='lat' dir='ltr'>tuarum</span> <span class='ocrx_word' id='word_1_46' title='bbox 815 565 953 596; x_wconf 87' lang='lat' dir='ltr'>lectione</span> <span class='ocrx_word' id='word_1_47' title='bbox 983 566 1197 606; x_wconf 76' lang='lat' dir='ltr'>percepimus,</span> <span class='ocrx_word' id='word_1_48' title='bbox 1229 565 1313 606; x_wconf 86' lang='lat' dir='ltr'>quod</span> <span class='ocrx_word' id='word_1_49' title='bbox 1343 565 1395 596; x_wconf 90' lang='lat' dir='ltr'>dil.</span> <span class='ocrx_word' id='word_1_50' title='bbox 1414 565 1456 597; x_wconf 87' lang='lat' dir='ltr'>fil.</span> <span class='ocrx_word' id='word_1_51' title='bbox 1481 565 1594 596; x_wconf 88' lang='lat' dir='ltr'>nobilis</span> <span class='ocrx_word' id='word_1_52' title='bbox 1619 567 1665 596; x_wconf 83' lang='lat' dir='ltr'>vir</span> <span class='ocrx_word' id='word_1_53' title='bbox 1688 566 1772 597; x_wconf 79' lang='lat' dir='ltr'>Otho</span> <span class='ocrx_word' id='word_1_54' title='bbox 1805 567 1868 597; x_wconf 89' lang='lat' dir='ltr'>dux</span> 
     </span>
     <span class='ocr_line' id='line_1_7' title="bbox 213 614 1868 658; baseline 0.002 -13"><span class='ocrx_word' id='word_1_55' title='bbox 213 614 344 646; x_wconf 89' lang='lat' dir='ltr'>Austrie</span> <span class='ocrx_word' id='word_1_56' title='bbox 380 615 421 645; x_wconf 88' lang='lat' dir='ltr'>ad</span> <span class='ocrx_word' id='word_1_57' title='bbox 457 626 514 646; x_wconf 91' lang='lat' dir='ltr'>nos</span> <span class='ocrx_word' id='word_1_58' title='bbox 549 619 582 646; x_wconf 86' lang='lat' dir='ltr'>et</span> <span class='ocrx_word' id='word_1_59' title='bbox 615 616 726 647; x_wconf 88' lang='lat' dir='ltr'>sedem</span> <span class='ocrx_word' id='word_1_60' title='bbox 757 616 968 657; x_wconf 81' lang='lat' dir='ltr'>apostolicam</span> <span class='ocrx_word' id='word_1_61' title='bbox 1001 617 1148 657; x_wconf 87' lang='lat' dir='ltr'>specialis</span> <span class='ocrx_word' id='word_1_62' title='bbox 1181 617 1264 657; x_wconf 84' lang='lat' dir='ltr'>gerit</span> <span class='ocrx_word' id='word_1_63' title='bbox 1295 617 1474 647; x_wconf 88' lang='lat' dir='ltr'>devotionis</span> <span class='ocrx_word' id='word_1_64' title='bbox 1503 617 1672 654; x_wconf 72' lang='lat' dir='ltr'>affectum,</span> <span class='ocrx_word' id='word_1_65' title='bbox 1703 619 1756 658; x_wconf 89' lang='lat' dir='ltr'>qui</span> <span class='ocrx_word' id='word_1_66' title='bbox 1786 629 1868 649; x_wconf 90' lang='lat' dir='ltr'>nunc</span> 
     </span>
     <span class='ocr_line' id='line_1_8' title="bbox 214 667 1868 710; baseline 0.002 -14"><span class='ocrx_word' id='word_1_67' title='bbox 214 670 377 707; x_wconf 82' lang='lat' dir='ltr'>assumpto</span> <span class='ocrx_word' id='word_1_68' title='bbox 407 667 532 697; x_wconf 87' lang='lat' dir='ltr'>noviter</span> <span class='ocrx_word' id='word_1_69' title='bbox 561 667 759 708; x_wconf 85' lang='lat' dir='ltr'>quarundam</span> <span class='ocrx_word' id='word_1_70' title='bbox 790 672 945 698; x_wconf 86' lang='lat' dir='ltr'>terrarum</span> <span class='ocrx_word' id='word_1_71' title='bbox 976 668 1099 708; x_wconf 88' lang='lat' dir='ltr'>potenti</span> <span class='ocrx_word' id='word_1_72' title='bbox 1130 669 1284 708; x_wconf 84' lang='lat' dir='ltr'>regimine</span> <span class='ocrx_word' id='word_1_73' title='bbox 1314 667 1405 698; x_wconf 87' lang='lat' dir='ltr'>nobis</span> <span class='ocrx_word' id='word_1_74' title='bbox 1436 671 1467 698; x_wconf 85' lang='lat' dir='ltr'>et</span> <span class='ocrx_word' id='word_1_75' title='bbox 1496 668 1565 698; x_wconf 88' lang='lat' dir='ltr'>sedi</span> <span class='ocrx_word' id='word_1_76' title='bbox 1595 668 1699 699; x_wconf 87' lang='lat' dir='ltr'>eidem</span> <span class='ocrx_word' id='word_1_77' title='bbox 1728 668 1868 710; x_wconf 80' lang='lat' dir='ltr'>disponit</span> 
     </span>
     <span class='ocr_line' id='line_1_9' title="bbox 213 716 1867 759; baseline 0.002 -12"><span class='ocrx_word' id='word_1_78' title='bbox 213 716 392 748; x_wconf 86' lang='lat' dir='ltr'>fervencius</span> <span class='ocrx_word' id='word_1_79' title='bbox 420 718 452 748; x_wconf 91' lang='lat' dir='ltr'>in</span> <span class='ocrx_word' id='word_1_80' title='bbox 483 717 694 759; x_wconf 78' lang='lat' dir='ltr'>beneplacitis</span> <span class='ocrx_word' id='word_1_81' title='bbox 723 718 890 751; x_wconf 79' lang='lat' dir='ltr'>adherere.</span> <span class='ocrx_word' id='word_1_82' title='bbox 936 718 1003 749; x_wconf 84' lang='lat' dir='ltr'>Nos</span> <span class='ocrx_word' id='word_1_83' title='bbox 1031 719 1139 759; x_wconf 88' lang='lat' dir='ltr'>itaque</span> <span class='ocrx_word' id='word_1_84' title='bbox 1169 719 1208 749; x_wconf 88' lang='lat' dir='ltr'>de</span> <span class='ocrx_word' id='word_1_85' title='bbox 1238 718 1408 750; x_wconf 80' lang='lat' dir='ltr'>devotione</span> <span class='ocrx_word' id='word_1_86' title='bbox 1438 719 1494 749; x_wconf 87' lang='lat' dir='ltr'>leti</span> <span class='ocrx_word' id='word_1_87' title='bbox 1524 719 1705 750; x_wconf 88' lang='lat' dir='ltr'>huiusmodi</span> <span class='ocrx_word' id='word_1_88' title='bbox 1739 720 1779 750; x_wconf 88' lang='lat' dir='ltr'>ad</span> <span class='ocrx_word' id='word_1_89' title='bbox 1807 720 1867 751; x_wconf 89' lang='lat' dir='ltr'>hoc</span> 
     </span>
     <span class='ocr_line' id='line_1_10' title="bbox 214 768 1867 812; baseline 0.002 -13"><span class='ocrx_word' id='word_1_90' title='bbox 214 768 352 799; x_wconf 88' lang='lat' dir='ltr'>eundem</span> <span class='ocrx_word' id='word_1_91' title='bbox 383 769 524 800; x_wconf 89' lang='lat' dir='ltr'>nobilem</span> <span class='ocrx_word' id='word_1_92' title='bbox 554 770 643 800; x_wconf 77' lang='lat' dir='ltr'>iuxta</span> <span class='ocrx_word' id='word_1_93' title='bbox 673 773 726 800; x_wconf 91' lang='lat' dir='ltr'>tue</span> <span class='ocrx_word' id='word_1_94' title='bbox 761 771 941 810; x_wconf 79' lang='lat' dir='ltr'>scriptionis</span> <span class='ocrx_word' id='word_1_95' title='bbox 969 770 1135 801; x_wconf 84' lang='lat' dir='ltr'>consilium</span> <span class='ocrx_word' id='word_1_96' title='bbox 1163 769 1380 806; x_wconf 66' lang='lat' dir='ltr'>exhortamur,</span> <span class='ocrx_word' id='word_1_97' title='bbox 1411 770 1629 800; x_wconf 75' lang='lat' dir='ltr'>sinceritatem</span> <span class='ocrx_word' id='word_1_98' title='bbox 1659 774 1747 801; x_wconf 85' lang='lat' dir='ltr'>tuam</span> <span class='ocrx_word' id='word_1_99' title='bbox 1771 782 1867 812; x_wconf 87' lang='lat' dir='ltr'>super</span> 
     </span>
    </p>

    <p class='ocr_par' dir='ltr' id='par_1_6' title="bbox 174 819 1867 1066">
     <span class='ocr_line' id='line_1_11' title="bbox 174 819 1865 864; baseline 0.002 -15"><span class='ocrx_word' id='word_1_100' title='bbox 174 827 198 845; x_wconf 83' lang='lat'>10</span> <span class='ocrx_word' id='word_1_101' title='bbox 217 819 370 850; x_wconf 87' lang='lat' dir='ltr'>intimatis</span> <span class='ocrx_word' id='word_1_102' title='bbox 394 820 575 851; x_wconf 84' lang='lat' dir='ltr'>huiusmodi</span> <span class='ocrx_word' id='word_1_103' title='bbox 598 821 770 861; x_wconf 88' lang='lat' dir='ltr'>plurimum</span> <span class='ocrx_word' id='word_1_104' title='bbox 794 821 824 851; x_wconf 90' lang='lat' dir='ltr'>in</span> <span class='ocrx_word' id='word_1_105' title='bbox 843 821 980 852; x_wconf 88' lang='lat' dir='ltr'>Domino</span> <span class='ocrx_word' id='word_1_106' title='bbox 999 821 1260 852; x_wconf 72' lang='lat' dir='ltr'>commendantes</span> <span class='ocrx_word' id='word_1_107' title='bbox 1285 825 1317 852; x_wconf 88' lang='lat' dir='ltr'>et</span> <span class='ocrx_word' id='word_1_108' title='bbox 1333 822 1490 852; x_wconf 86' lang='lat' dir='ltr'>attencius</span> <span class='ocrx_word' id='word_1_109' title='bbox 1507 821 1729 852; x_wconf 73' lang='lat' dir='ltr'>nichilominus</span> <span class='ocrx_word' id='word_1_110' title='bbox 1750 823 1865 864; x_wconf 79' lang='lat' dir='ltr'>(lepre-</span> 
     </span>
     <span class='ocr_line' id='line_1_12' title="bbox 214 871 1867 914; baseline 0.002 -13"><span class='ocrx_word' id='word_1_111' title='bbox 214 875 333 909; x_wconf 60' lang='lat' dir='ltr'>cantes,</span> <span class='ocrx_word' id='word_1_112' title='bbox 359 872 507 912; x_wconf 84' lang='lat' dir='ltr'>quatinus</span> <span class='ocrx_word' id='word_1_113' title='bbox 531 873 562 902; x_wconf 91' lang='lat' dir='ltr'>in</span> <span class='ocrx_word' id='word_1_114' title='bbox 587 871 767 908; x_wconf 72' lang='lat' dir='ltr'>devotione,</span> <span class='ocrx_word' id='word_1_115' title='bbox 795 883 890 913; x_wconf 85' lang='lat' dir='ltr'>quam</span> <span class='ocrx_word' id='word_1_116' title='bbox 908 873 948 903; x_wconf 84' lang='lat' dir='ltr'>ad</span> <span class='ocrx_word' id='word_1_117' title='bbox 968 884 1024 904; x_wconf 89' lang='lat' dir='ltr'>nos</span> <span class='ocrx_word' id='word_1_118' title='bbox 1041 876 1073 903; x_wconf 83' lang='lat' dir='ltr'>et</span> <span class='ocrx_word' id='word_1_119' title='bbox 1096 872 1207 903; x_wconf 88' lang='lat' dir='ltr'>sedem</span> <span class='ocrx_word' id='word_1_120' title='bbox 1232 873 1408 914; x_wconf 79' lang='lat' dir='ltr'>predictam</span> <span class='ocrx_word' id='word_1_121' title='bbox 1427 883 1540 913; x_wconf 85' lang='lat' dir='ltr'>gerere</span> <span class='ocrx_word' id='word_1_122' title='bbox 1558 873 1740 910; x_wconf 68' lang='lat' dir='ltr'>dinosceris,</span> <span class='ocrx_word' id='word_1_123' title='bbox 1765 874 1867 905; x_wconf 84' lang='lat' dir='ltr'>solida</span> 
     </span>
     <span class='ocr_line' id='line_1_13' title="bbox 214 924 1865 965; baseline 0.002 -12"><span class='ocrx_word' id='word_1_124' title='bbox 214 924 456 953; x_wconf 87' lang='lat' dir='ltr'>continuacione</span> <span class='ocrx_word' id='word_1_125' title='bbox 480 924 653 964; x_wconf 80' lang='lat' dir='ltr'>persistens</span> <span class='ocrx_word' id='word_1_126' title='bbox 678 928 892 954; x_wconf 82' lang='lat' dir='ltr'>memoratum</span> <span class='ocrx_word' id='word_1_127' title='bbox 917 924 1057 954; x_wconf 88' lang='lat' dir='ltr'>nobilem</span> <span class='ocrx_word' id='word_1_128' title='bbox 1082 924 1122 955; x_wconf 86' lang='lat' dir='ltr'>ad</span> <span class='ocrx_word' id='word_1_129' title='bbox 1147 924 1350 955; x_wconf 78' lang='lat' dir='ltr'>devotionem</span> <span class='ocrx_word' id='word_1_130' title='bbox 1375 924 1552 965; x_wconf 81' lang='lat' dir='ltr'>predictam</span> <span class='ocrx_word' id='word_1_131' title='bbox 1576 924 1726 955; x_wconf 83' lang='lat' dir='ltr'>inducere</span> <span class='ocrx_word' id='word_1_132' title='bbox 1754 925 1865 956; x_wconf 85' lang='lat' dir='ltr'>sedule</span> 
     </span>
     <span class='ocr_line' id='line_1_14' title="bbox 213 974 1865 1017; baseline 0.002 -13"><span class='ocrx_word' id='word_1_133' title='bbox 213 984 276 1004; x_wconf 87' lang='lat' dir='ltr'>non</span> <span class='ocrx_word' id='word_1_134' title='bbox 300 975 443 1009; x_wconf 74' lang='lat' dir='ltr'>omittas,</span> <span class='ocrx_word' id='word_1_135' title='bbox 474 974 518 1004; x_wconf 84' lang='lat' dir='ltr'>ita</span> <span class='ocrx_word' id='word_1_136' title='bbox 543 974 628 1015; x_wconf 85' lang='lat' dir='ltr'>quod</span> <span class='ocrx_word' id='word_1_137' title='bbox 653 978 784 1015; x_wconf 80' lang='lat' dir='ltr'>propter</span> <span class='ocrx_word' id='word_1_138' title='bbox 808 975 867 1005; x_wconf 90' lang='lat' dir='ltr'>hoc</span> <span class='ocrx_word' id='word_1_139' title='bbox 893 979 1032 1006; x_wconf 78' lang='lat' dir='ltr'>nostram</span> <span class='ocrx_word' id='word_1_140' title='bbox 1059 979 1090 1006; x_wconf 86' lang='lat' dir='ltr'>et</span> <span class='ocrx_word' id='word_1_141' title='bbox 1116 976 1259 1006; x_wconf 85' lang='lat' dir='ltr'>eiusdem</span> <span class='ocrx_word' id='word_1_142' title='bbox 1284 976 1368 1006; x_wconf 74' lang='lat' dir='ltr'>sedis</span> <span class='ocrx_word' id='word_1_143' title='bbox 1393 975 1649 1007; x_wconf 83' lang='lat' dir='ltr'>benedictionem</span> <span class='ocrx_word' id='word_1_144' title='bbox 1675 979 1707 1006; x_wconf 89' lang='lat' dir='ltr'>et</span> <span class='ocrx_word' id='word_1_145' title='bbox 1730 977 1865 1017; x_wconf 79' lang='lat' dir='ltr'>gratiam</span> 
     </span>
     <span class='ocr_line' id='line_1_15' title="bbox 214 1025 558 1066; baseline -0.003 -10"><span class='ocrx_word' id='word_1_146' title='bbox 214 1025 344 1056; x_wconf 88' lang='lat' dir='ltr'>uberius</span> <span class='ocrx_word' id='word_1_147' title='bbox 368 1027 558 1066; x_wconf 78' lang='lat' dir='ltr'>assequaris.</span> 
     </span>
    </p>

    <p class='ocr_par' dir='ltr' id='par_1_7' title="bbox 170 1077 595 1117">
     <span class='ocr_line' id='line_1_16' title="bbox 170 1077 595 1117; baseline 0.002 -11"><span class='ocrx_word' id='word_1_148' title='bbox 170 1084 192 1103; x_wconf 83' lang='lat'>1⁵</span> <span class='ocrx_word' id='word_1_149' title='bbox 320 1077 394 1107; x_wconf 85' lang='lat' dir='ltr'>Dat.</span> <span class='ocrx_word' id='word_1_150' title='bbox 411 1080 446 1107; x_wconf 86' lang='lat' dir='ltr'>ut</span> <span class='ocrx_word' id='word_1_151' title='bbox 469 1078 595 1117; x_wconf 66' lang='lat' dir='ltr'>supi-al.</span> 
     </span>
    </p>
   </div>
   <div class='ocr_carea' id='block_1_5' title="bbox 458 1208 1622 1244">
    <p class='ocr_par' dir='ltr' id='par_1_8' title="bbox 458 1208 1622 1244">
     <span class='ocr_line' id='line_1_17' title="bbox 458 1208 1622 1244; baseline 0.003 -3"><span class='ocrx_word' id='word_1_152' title='bbox 458 1208 544 1242; x_wconf 80' lang='lat'><strong>684.</strong></span> <span class='ocrx_word' id='word_1_153' title='bbox 588 1208 744 1243; x_wconf 72' lang='lat' dir='ltr'>Litterae</span> <span class='ocrx_word' id='word_1_154' title='bbox 772 1209 819 1241; x_wconf 72' lang='lat' dir='ltr'>(ed</span> <span class='ocrx_word' id='word_1_155' title='bbox 847 1208 1001 1242; x_wconf 62' lang='lat' dir='ltr'>Ottmet‘m</span> <span class='ocrx_word' id='word_1_156' title='bbox 1031 1209 1146 1243; x_wconf 65' lang='lat' dir='ltr'>(lucem</span> <span class='ocrx_word' id='word_1_157' title='bbox 1176 1209 1350 1244; x_wconf 70' lang='lat' dir='ltr'>Austriae.</span> <span class='ocrx_word' id='word_1_158' title='bbox 1463 1210 1541 1244; x_wconf 68' lang='lat' dir='ltr'>Ian.</span> <span class='ocrx_word' id='word_1_159' title='bbox 1564 1212 1622 1244; x_wconf 65' lang='lat'>21.</span> 
     </span>
    </p>
   </div>
   <div class='ocr_carea' id='block_1_6' title="bbox 320 1280 1742 1381">
    <p class='ocr_par' dir='ltr' id='par_1_9' title="bbox 320 1280 1742 1381">
     <span class='ocr_line' id='line_1_18' title="bbox 322 1280 1742 1321; baseline 0.001 -9"><span class='ocrx_word' id='word_1_160' title='bbox 322 1281 419 1320; x_wconf 65' lang='lat' dir='ltr'>Copia</span> <span class='ocrx_word' id='word_1_161' title='bbox 442 1281 555 1311; x_wconf 65' lang='lat' dir='ltr'>‘ibidem</span> <span class='ocrx_word' id='word_1_162' title='bbox 578 1284 649 1311; x_wconf 75' lang='lat' dir='ltr'>tom.</span> <span class='ocrx_word' id='word_1_163' title='bbox 667 1281 728 1311; x_wconf 84' lang='lat'>115</span> <span class='ocrx_word' id='word_1_164' title='bbox 738 1281 765 1301; x_wconf 75' lang='grc' dir='ltr'><em>Η</em></span> <span class='ocrx_word' id='word_1_165' title='bbox 785 1280 837 1319; x_wconf 82' lang='lat' dir='ltr'>sol.</span> <span class='ocrx_word' id='word_1_166' title='bbox 857 1282 932 1311; x_wconf 75' lang='lat'>163‘</span> <span class='ocrx_word' id='word_1_167' title='bbox 955 1291 1004 1312; x_wconf 76' lang='lat' dir='ltr'>ur.</span> <span class='ocrx_word' id='word_1_168' title='bbox 1024 1281 1116 1311; x_wconf 63' lang='lat'><em>1924.</em></span> <span class='ocrx_word' id='word_1_169' title='bbox 1163 1281 1396 1321; x_wconf 67' lang='lat' dir='ltr'>Descripsinms</span> <span class='ocrx_word' id='word_1_170' title='bbox 1419 1292 1483 1313; x_wconf 75' lang='lat' dir='ltr'>vos.</span> <span class='ocrx_word' id='word_1_171' title='bbox 1509 1302 1547 1306; x_wconf 90' lang='lat'><strong>—</strong></span> <span class='ocrx_word' id='word_1_172' title='bbox 1573 1283 1742 1314; x_wconf 73' lang='lat' dir='ltr'>Inede‘tum.</span> 
     </span>
     <span class='ocr_line' id='line_1_19' title="bbox 320 1341 937 1381; baseline 0 -9"><span class='ocrx_word' id='word_1_173' title='bbox 320 1341 393 1381; x_wconf 70' lang='lat' dir='ltr'>Req.</span> <span class='ocrx_word' id='word_1_174' title='bbox 412 1341 536 1372; x_wconf 63' lang='lat' dir='ltr'>Riezler</span> <span class='ocrx_word' id='word_1_175' title='bbox 559 1342 579 1372; x_wconf 86' lang='lat' dir='ltr'>I.</span> <span class='ocrx_word' id='word_1_176' title='bbox 596 1352 621 1372; x_wconf 79' lang='lat' dir='ltr'>c.</span> <span class='ocrx_word' id='word_1_177' title='bbox 643 1351 674 1380; x_wconf 76' lang='lat' dir='ltr'>p.</span> <span class='ocrx_word' id='word_1_178' title='bbox 693 1341 755 1371; x_wconf 67' lang='lat'>439</span> <span class='ocrx_word' id='word_1_179' title='bbox 778 1352 826 1371; x_wconf 76' lang='lat' dir='ltr'>nr.</span> <span class='ocrx_word' id='word_1_180' title='bbox 846 1342 937 1372; x_wconf 66' lang='lat'><em>1250.</em></span> 
     </span>
    </p>
   </div>
   <div class='ocr_carea' id='block_1_7' title="bbox 321 1426 542 1458">
    <p class='ocr_par' dir='ltr' id='par_1_10' title="bbox 321 1426 542 1458">
     <span class='ocr_line' id='line_1_20' title="bbox 321 1426 542 1458; baseline 0 -1"><span class='ocrx_word' id='word_1_181' title='bbox 321 1426 435 1458; x_wconf 87' lang='lat' dir='ltr'>Eidem</span> <span class='ocrx_word' id='word_1_182' title='bbox 461 1426 542 1457; x_wconf 84' lang='lat' dir='ltr'>duci.</span> 
     </span>
    </p>
   </div>
   <div class='ocr_carea' id='block_1_8' title="bbox 169 1478 1866 1879">
    <p class='ocr_par' dir='ltr' id='par_1_11' title="bbox 169 1478 1866 1725">
     <span class='ocr_line' id='line_1_21' title="bbox 169 1478 1866 1519; baseline 0.002 -10"><span class='ocrx_word' id='word_1_183' title='bbox 169 1484 194 1504; x_wconf 73' lang='lat'>20</span> <span class='ocrx_word' id='word_1_184' title='bbox 320 1478 476 1509; x_wconf 85' lang='lat' dir='ltr'>Letanter</span> <span class='ocrx_word' id='word_1_185' title='bbox 507 1479 698 1519; x_wconf 74' lang='lat' dir='ltr'>accepimus,</span> <span class='ocrx_word' id='word_1_186' title='bbox 734 1478 819 1518; x_wconf 83' lang='lat' dir='ltr'>quod</span> <span class='ocrx_word' id='word_1_187' title='bbox 853 1482 886 1508; x_wconf 87' lang='lat' dir='ltr'>tu</span> <span class='ocrx_word' id='word_1_188' title='bbox 915 1479 957 1508; x_wconf 83' lang='lat' dir='ltr'>fili</span> <span class='ocrx_word' id='word_1_189' title='bbox 989 1478 1028 1508; x_wconf 82' lang='lat' dir='ltr'>ad</span> <span class='ocrx_word' id='word_1_190' title='bbox 1059 1489 1116 1509; x_wconf 85' lang='lat' dir='ltr'>nos</span> <span class='ocrx_word' id='word_1_191' title='bbox 1147 1482 1178 1509; x_wconf 86' lang='lat' dir='ltr'>et</span> <span class='ocrx_word' id='word_1_192' title='bbox 1206 1478 1387 1510; x_wconf 84' lang='lat' dir='ltr'>Romanam</span> <span class='ocrx_word' id='word_1_193' title='bbox 1420 1480 1588 1511; x_wconf 77' lang='lat' dir='ltr'>ecclesiam</span> <span class='ocrx_word' id='word_1_194' title='bbox 1619 1485 1754 1512; x_wconf 84' lang='lat' dir='ltr'>matrem</span> <span class='ocrx_word' id='word_1_195' title='bbox 1779 1485 1866 1512; x_wconf 83' lang='lat' dir='ltr'>tuam</span> 
     </span>
     <span class='ocr_line' id='line_1_22' title="bbox 211 1530 1866 1573; baseline 0.002 -13"><span class='ocrx_word' id='word_1_196' title='bbox 211 1539 327 1570; x_wconf 87' lang='lat' dir='ltr'>gerens</span> <span class='ocrx_word' id='word_1_197' title='bbox 356 1531 479 1561; x_wconf 86' lang='lat' dir='ltr'>sincere</span> <span class='ocrx_word' id='word_1_198' title='bbox 510 1530 689 1560; x_wconf 84' lang='lat' dir='ltr'>devotionis</span> <span class='ocrx_word' id='word_1_199' title='bbox 718 1530 868 1560; x_wconf 80' lang='lat' dir='ltr'>affectum</span> <span class='ocrx_word' id='word_1_200' title='bbox 898 1530 937 1560; x_wconf 85' lang='lat' dir='ltr'>ad</span> <span class='ocrx_word' id='word_1_201' title='bbox 967 1534 1074 1561; x_wconf 77' lang='lat' dir='ltr'>nostra</span> <span class='ocrx_word' id='word_1_202' title='bbox 1105 1534 1136 1561; x_wconf 89' lang='lat' dir='ltr'>et</span> <span class='ocrx_word' id='word_1_203' title='bbox 1171 1531 1315 1561; x_wconf 83' lang='lat' dir='ltr'>eiusdem</span> <span class='ocrx_word' id='word_1_204' title='bbox 1345 1532 1481 1561; x_wconf 81' lang='lat' dir='ltr'>ecclesie</span> <span class='ocrx_word' id='word_1_205' title='bbox 1514 1532 1738 1573; x_wconf 78' lang='lat' dir='ltr'>prosequenda</span> <span class='ocrx_word' id='word_1_206' title='bbox 1767 1533 1866 1563; x_wconf 88' lang='lat' dir='ltr'>bene-</span> 
     </span>
     <span class='ocr_line' id='line_1_23' title="bbox 212 1581 1865 1624; baseline 0.001 -12"><span class='ocrx_word' id='word_1_207' title='bbox 212 1581 330 1622; x_wconf 83' lang='lat' dir='ltr'>placita</span> <span class='ocrx_word' id='word_1_208' title='bbox 354 1582 510 1622; x_wconf 79' lang='lat' dir='ltr'>promptis</span> <span class='ocrx_word' id='word_1_209' title='bbox 535 1584 566 1611; x_wconf 89' lang='lat' dir='ltr'>et</span> <span class='ocrx_word' id='word_1_210' title='bbox 591 1581 716 1611; x_wconf 78' lang='lat' dir='ltr'>devotis</span> <span class='ocrx_word' id='word_1_211' title='bbox 739 1581 907 1612; x_wconf 79' lang='lat' dir='ltr'>affectibus</span> <span class='ocrx_word' id='word_1_212' title='bbox 938 1584 968 1612; x_wconf 86' lang='lat' dir='ltr'>te</span> <span class='ocrx_word' id='word_1_213' title='bbox 999 1581 1149 1622; x_wconf 80' lang='lat' dir='ltr'>disponis.</span> <span class='ocrx_word' id='word_1_214' title='bbox 1198 1582 1300 1622; x_wconf 83' lang='lat' dir='ltr'>Super</span> <span class='ocrx_word' id='word_1_215' title='bbox 1331 1582 1444 1623; x_wconf 87' lang='lat' dir='ltr'>quibus</span> <span class='ocrx_word' id='word_1_216' title='bbox 1473 1586 1526 1614; x_wconf 82' lang='lat' dir='ltr'>tue</span> <span class='ocrx_word' id='word_1_217' title='bbox 1555 1583 1730 1614; x_wconf 82' lang='lat' dir='ltr'>nobilitatis</span> <span class='ocrx_word' id='word_1_218' title='bbox 1760 1585 1865 1624; x_wconf 84' lang='lat' dir='ltr'>provi-</span> 
     </span>
     <span class='ocr_line' id='line_1_24' title="bbox 214 1633 1855 1673; baseline 0.002 -10"><span class='ocrx_word' id='word_1_219' title='bbox 214 1633 359 1663; x_wconf 87' lang='lat' dir='ltr'>denciam</span> <span class='ocrx_word' id='word_1_220' title='bbox 395 1643 465 1664; x_wconf 90' lang='lat' dir='ltr'>cum</span> <span class='ocrx_word' id='word_1_221' title='bbox 501 1633 674 1673; x_wconf 83' lang='lat' dir='ltr'>gratiarum</span> <span class='ocrx_word' id='word_1_222' title='bbox 708 1633 885 1663; x_wconf 81' lang='lat' dir='ltr'>actionibus</span> <span class='ocrx_word' id='word_1_223' title='bbox 918 1633 1070 1663; x_wconf 82' lang='lat' dir='ltr'>uberibus</span> <span class='ocrx_word' id='word_1_224' title='bbox 1102 1633 1323 1673; x_wconf 86' lang='lat' dir='ltr'>multipliciter</span> <span class='ocrx_word' id='word_1_225' title='bbox 1358 1634 1386 1663; x_wconf 82' lang='lat' dir='ltr'>in</span> <span class='ocrx_word' id='word_1_226' title='bbox 1420 1634 1557 1665; x_wconf 90' lang='lat' dir='ltr'>Domino</span> <span class='ocrx_word' id='word_1_227' title='bbox 1593 1635 1855 1666; x_wconf 84' lang='lat' dir='ltr'>commendantes</span> 
     </span>
     <span class='ocr_line' id='line_1_25' title="bbox 214 1684 1866 1725; baseline 0.001 -11"><span class='ocrx_word' id='word_1_228' title='bbox 214 1694 284 1715; x_wconf 87' lang='lat' dir='ltr'>eam</span> <span class='ocrx_word' id='word_1_229' title='bbox 315 1695 465 1725; x_wconf 83' lang='lat' dir='ltr'>rogamus</span> <span class='ocrx_word' id='word_1_230' title='bbox 498 1685 656 1715; x_wconf 81' lang='lat' dir='ltr'>attencius</span> <span class='ocrx_word' id='word_1_231' title='bbox 685 1688 717 1714; x_wconf 84' lang='lat' dir='ltr'>et</span> <span class='ocrx_word' id='word_1_232' title='bbox 745 1684 919 1722; x_wconf 79' lang='lat' dir='ltr'>hortamur,</span> <span class='ocrx_word' id='word_1_233' title='bbox 949 1685 1097 1725; x_wconf 79' lang='lat' dir='ltr'>quatinus</span> <span class='ocrx_word' id='word_1_234' title='bbox 1131 1686 1161 1714; x_wconf 93' lang='lat' dir='ltr'>in</span> <span class='ocrx_word' id='word_1_235' title='bbox 1189 1684 1370 1715; x_wconf 85' lang='lat' dir='ltr'>huiusmodi</span> <span class='ocrx_word' id='word_1_236' title='bbox 1402 1689 1454 1716; x_wconf 87' lang='lat' dir='ltr'>tue</span> <span class='ocrx_word' id='word_1_237' title='bbox 1484 1686 1654 1716; x_wconf 88' lang='lat' dir='ltr'>laudabilis</span> <span class='ocrx_word' id='word_1_238' title='bbox 1683 1687 1866 1717; x_wconf 83' lang='lat' dir='ltr'>intentionis</span> 
     </span>
    </p>

    <p class='ocr_par' dir='ltr' id='par_1_12' title="bbox 169 1735 1865 1829">
     <span class='ocr_line' id='line_1_26' title="bbox 169 1735 1865 1778; baseline 0.001 -12"><span class='ocrx_word' id='word_1_239' title='bbox 169 1749 193 1768; x_wconf 79' lang='lat'>25</span> <span class='ocrx_word' id='word_1_240' title='bbox 214 1736 388 1776; x_wconf 84' lang='lat' dir='ltr'>propositio</span> <span class='ocrx_word' id='word_1_241' title='bbox 413 1735 639 1766; x_wconf 85' lang='lat' dir='ltr'>inviolabiliter</span> <span class='ocrx_word' id='word_1_242' title='bbox 664 1736 835 1776; x_wconf 87' lang='lat' dir='ltr'>persistere</span> <span class='ocrx_word' id='word_1_243' title='bbox 860 1746 920 1765; x_wconf 89' lang='lat' dir='ltr'>non</span> <span class='ocrx_word' id='word_1_244' title='bbox 946 1736 1083 1765; x_wconf 80' lang='lat' dir='ltr'>omittas.</span> <span class='ocrx_word' id='word_1_245' title='bbox 1131 1735 1180 1766; x_wconf 88' lang='lat' dir='ltr'>De</span> <span class='ocrx_word' id='word_1_246' title='bbox 1205 1735 1296 1766; x_wconf 86' lang='lat' dir='ltr'>nobis</span> <span class='ocrx_word' id='word_1_247' title='bbox 1320 1736 1467 1766; x_wconf 87' lang='lat' dir='ltr'>fiduciam</span> <span class='ocrx_word' id='word_1_248' title='bbox 1493 1737 1670 1773; x_wconf 77' lang='lat' dir='ltr'>habiturus,</span> <span class='ocrx_word' id='word_1_249' title='bbox 1700 1737 1785 1778; x_wconf 89' lang='lat' dir='ltr'>quod</span> <span class='ocrx_word' id='word_1_250' title='bbox 1809 1748 1865 1768; x_wconf 89' lang='lat' dir='ltr'>nos</span> 
     </span>
     <span class='ocr_line' id='line_1_27' title="bbox 213 1787 1864 1829; baseline 0.002 -13"><span class='ocrx_word' id='word_1_251' title='bbox 213 1796 309 1827; x_wconf 87' lang='lat' dir='ltr'>super</span> <span class='ocrx_word' id='word_1_252' title='bbox 332 1788 393 1817; x_wconf 87' lang='lat' dir='ltr'>tuis</span> <span class='ocrx_word' id='word_1_253' title='bbox 417 1787 694 1827; x_wconf 80' lang='lat' dir='ltr'>oportunitatibus.</span> <span class='ocrx_word' id='word_1_254' title='bbox 720 1790 873 1827; x_wconf 83' lang='lat' dir='ltr'>quantum</span> <span class='ocrx_word' id='word_1_255' title='bbox 898 1797 967 1816; x_wconf 85' lang='lat' dir='ltr'>cum</span> <span class='ocrx_word' id='word_1_256' title='bbox 986 1787 1056 1817; x_wconf 91' lang='lat' dir='ltr'>Deo</span> <span class='ocrx_word' id='word_1_257' title='bbox 1082 1788 1266 1828; x_wconf 76' lang='lat' dir='ltr'>poterimus,</span> <span class='ocrx_word' id='word_1_258' title='bbox 1293 1789 1453 1828; x_wconf 85' lang='lat' dir='ltr'>propicios</span> <span class='ocrx_word' id='word_1_259' title='bbox 1476 1789 1618 1829; x_wconf 68' lang='lat' dir='ltr'>reperies</span> <span class='ocrx_word' id='word_1_260' title='bbox 1643 1792 1675 1819; x_wconf 90' lang='lat' dir='ltr'>et</span> <span class='ocrx_word' id='word_1_261' title='bbox 1698 1788 1864 1828; x_wconf 77' lang='lat' dir='ltr'>benignos.</span> 
     </span>
    </p>

    <p class='ocr_par' dir='ltr' id='par_1_13' title="bbox 320 1838 598 1879">
     <span class='ocr_line' id='line_1_28' title="bbox 320 1838 598 1879; baseline 0 -11"><span class='ocrx_word' id='word_1_262' title='bbox 320 1838 394 1869; x_wconf 85' lang='lat' dir='ltr'>Dat.</span> <span class='ocrx_word' id='word_1_263' title='bbox 412 1842 446 1868; x_wconf 90' lang='lat' dir='ltr'>ut</span> <span class='ocrx_word' id='word_1_264' title='bbox 470 1839 598 1879; x_wconf 84' lang='lat' dir='ltr'>supra¹.</span> 
     </span>
    </p>
   </div>
   <div class='ocr_carea' id='block_1_9' title="bbox 166 2043 1820 2230">
    <p class='ocr_par' dir='ltr' id='par_1_14' title="bbox 166 2043 1820 2230">
     <span class='ocr_line' id='line_1_29' title="bbox 401 2043 1681 2091; baseline 0.001 -2"><span class='ocrx_word' id='word_1_265' title='bbox 401 2045 499 2091; x_wconf 81' lang='grc'><strong>685.</strong></span> <span class='ocrx_word' id='word_1_266' title='bbox 529 2046 628 2091; x_wconf 83' lang='grc'><strong>686.</strong></span> <span class='ocrx_word' id='word_1_267' title='bbox 670 2043 1048 2090; x_wconf 76' lang='lat' dir='ltr'>PROCESSUS</span> <span class='ocrx_word' id='word_1_268' title='bbox 1086 2045 1387 2090; x_wconf 82' lang='lat' dir='ltr'><strong>EIUSDEM</strong></span> <span class='ocrx_word' id='word_1_269' title='bbox 1416 2045 1681 2091; x_wconf 85' lang='lat' dir='ltr'><strong>CONTRA</strong></span> 
     </span>
     <span class='ocr_line' id='line_1_30' title="bbox 256 2113 1820 2160; baseline 0 -1"><span class='ocrx_word' id='word_1_270' title='bbox 256 2114 753 2160; x_wconf 81' lang='lat' dir='ltr'><strong>IMPERATOREM</strong></span> <span class='ocrx_word' id='word_1_271' title='bbox 788 2115 867 2158; x_wconf 79' lang='lat' dir='ltr'>ET</span> <span class='ocrx_word' id='word_1_272' title='bbox 897 2114 1209 2160; x_wconf 81' lang='lat' dir='ltr'><strong>COMITEM</strong></span> <span class='ocrx_word' id='word_1_273' title='bbox 1238 2114 1323 2159; x_wconf 85' lang='lat' dir='ltr'>DE</span> <span class='ocrx_word' id='word_1_274' title='bbox 1352 2113 1820 2160; x_wconf 74' lang='lat' dir='ltr'><strong>GLAROMONTE.</strong></span> 
     </span>
     <span class='ocr_line' id='line_1_31' title="bbox 166 2191 1195 2230; baseline -0.003 -1"><span class='ocrx_word' id='word_1_275' title='bbox 166 2211 192 2230; x_wconf 73' lang='lat'>30</span> <span class='ocrx_word' id='word_1_276' title='bbox 885 2192 992 2227; x_wconf 80' lang='lat'>1330.</span> <span class='ocrx_word' id='word_1_277' title='bbox 1033 2192 1110 2227; x_wconf 74' lang='lat' dir='ltr'>Ian.</span> <span class='ocrx_word' id='word_1_278' title='bbox 1135 2191 1195 2227; x_wconf 71' lang='lat'>⁰27.</span> 
     </span>
    </p>
   </div>
   <div class='ocr_carea' id='block_1_10' title="bbox 458 2302 1620 2338">
    <p class='ocr_par' dir='ltr' id='par_1_15' title="bbox 458 2302 1620 2338">
     <span class='ocr_line' id='line_1_32' title="bbox 458 2302 1620 2338; baseline 0 -1"><span class='ocrx_word' id='word_1_279' title='bbox 458 2302 543 2337; x_wconf 78' lang='grc'><strong>685.</strong></span> <span class='ocrx_word' id='word_1_280' title='bbox 589 2303 774 2337; x_wconf 55' lang='lat' dir='ltr'>Preces-sus</span> <span class='ocrx_word' id='word_1_281' title='bbox 801 2303 941 2337; x_wconf 67' lang='lat' dir='ltr'>iteratus</span> <span class='ocrx_word' id='word_1_282' title='bbox 969 2307 1085 2337; x_wconf 69' lang='lat' dir='ltr'>contra</span> <span class='ocrx_word' id='word_1_283' title='bbox 1115 2304 1347 2338; x_wconf 61' lang='lat' dir='ltr'>an‘len·icum.</span> <span class='ocrx_word' id='word_1_284' title='bbox 1466 2303 1542 2337; x_wconf 63' lang='lat' dir='ltr'>Ian.</span> <span class='ocrx_word' id='word_1_285' title='bbox 1560 2305 1620 2337; x_wconf 59' lang='lat'>27.</span> 
     </span>
    </p>
   </div>
   <div class='ocr_carea' id='block_1_11' title="bbox 1795 2378 1854 2395">
    <p class='ocr_par' dir='ltr' id='par_1_16' title="bbox 1795 2378 1854 2395">
     <span class='ocr_line' id='line_1_33' title="bbox 1795 2378 1854 2395; baseline 0 -6"><span class='ocrx_word' id='word_1_286' title='bbox 1795 2378 1832 2395; x_wconf 52' lang='lat'>0⁷*</span> <span class='ocrx_word' id='word_1_287' title='bbox 1839 2378 1854 2389; x_wconf 63' lang='grc' dir='ltr'>ἢ</span> 
     </span>
    </p>
   </div>
   <div class='ocr_carea' id='block_1_12' title="bbox 212 2375 1862 2510">
    <p class='ocr_par' dir='ltr' id='par_1_17' title="bbox 212 2375 1862 2510">
     <span class='ocr_line' id='line_1_34' title="bbox 322 2375 1862 2417; baseline -0.001 -10"><span class='ocrx_word' id='word_1_288' title='bbox 322 2377 418 2415; x_wconf 73' lang='lat' dir='ltr'>Copia</span> <span class='ocrx_word' id='word_1_289' title='bbox 443 2378 493 2417; x_wconf 84' lang='lat' dir='ltr'>(c.)</span> <span class='ocrx_word' id='word_1_290' title='bbox 519 2377 553 2407; x_wconf 77' lang='lat' dir='ltr'>in</span> <span class='ocrx_word' id='word_1_291' title='bbox 577 2376 641 2407; x_wconf 78' lang='lat' dir='ltr'>cod.</span> <span class='ocrx_word' id='word_1_292' title='bbox 659 2375 856 2408; x_wconf 76' lang='lat' dir='ltr'>bibliothecae</span> <span class='ocrx_word' id='word_1_293' title='bbox 880 2376 1069 2408; x_wconf 63' lang='lat' dir='ltr'>Dresdensa&#39;s</span> <span class='ocrx_word' id='word_1_294' title='bbox 1092 2378 1122 2408; x_wconf 88' lang='lat' dir='ltr'><strong><em>A</em></strong></span> <span class='ocrx_word' id='word_1_295' title='bbox 1142 2378 1181 2407; x_wconf 78' lang='lat'>70</span> <span class='ocrx_word' id='word_1_296' title='bbox 1204 2377 1258 2415; x_wconf 74' lang='lat' dir='ltr'>fol.</span> <span class='ocrx_word' id='word_1_297' title='bbox 1275 2379 1325 2415; x_wconf 69' lang='lat'>80,</span> <span class='ocrx_word' id='word_1_298' title='bbox 1357 2377 1392 2407; x_wconf 74' lang='lat' dir='ltr'>de</span> <span class='ocrx_word' id='word_1_299' title='bbox 1415 2386 1474 2416; x_wconf 78' lang='lat' dir='ltr'>quo</span> <span class='ocrx_word' id='word_1_300' title='bbox 1497 2387 1522 2407; x_wconf 70' lang='lat' dir='ltr'>r.</span> <span class='ocrx_word' id='word_1_301' title='bbox 1540 2387 1638 2417; x_wconf 74' lang='lat' dir='ltr'>snpra</span> <span class='ocrx_word' id='word_1_302' title='bbox 1661 2376 1703 2407; x_wconf 78' lang='lat' dir='ltr'>ad</span> <span class='ocrx_word' id='word_1_303' title='bbox 1724 2387 1773 2407; x_wconf 73' lang='lat' dir='ltr'>nr.</span> <span class='ocrx_word' id='word_1_304' title='bbox 1790 2389 1862 2407; x_wconf 61' lang='grc' dir='ltr'>Νω,</span> 
     </span>
     <span class='ocr_line' id='line_1_35' title="bbox 213 2427 1862 2469; baseline -0.001 -11"><span class='ocrx_word' id='word_1_305' title='bbox 213 2427 411 2459; x_wconf 77' lang='lat' dir='ltr'>Contulimus</span> <span class='ocrx_word' id='word_1_306' title='bbox 432 2439 498 2461; x_wconf 75' lang='lat' dir='ltr'>nos.</span> <span class='ocrx_word' id='word_1_307' title='bbox 543 2428 603 2459; x_wconf 77' lang='lat' dir='ltr'>Est</span> <span class='ocrx_word' id='word_1_308' title='bbox 626 2428 771 2459; x_wconf 76' lang='lat' dir='ltr'>rubrum:</span> <span class='ocrx_word' id='word_1_309' title='bbox 802 2428 1001 2469; x_wconf 81' lang='lat' dir='ltr'>Aggravatio</span> <span class='ocrx_word' id='word_1_310' title='bbox 1027 2433 1136 2459; x_wconf 85' lang='lat' dir='ltr'>contra</span> <span class='ocrx_word' id='word_1_311' title='bbox 1160 2429 1321 2460; x_wconf 86' lang='lat' dir='ltr'>Bavarum</span> <span class='ocrx_word' id='word_1_312' title='bbox 1346 2438 1382 2459; x_wconf 87' lang='lat' dir='ltr'>ac</span> <span class='ocrx_word' id='word_1_313' title='bbox 1407 2428 1466 2458; x_wconf 87' lang='lat' dir='ltr'>sibi</span> <span class='ocrx_word' id='word_1_314' title='bbox 1496 2427 1698 2467; x_wconf 68' lang='lat' dir='ltr'>adherentes,</span> <span class='ocrx_word' id='word_1_315' title='bbox 1730 2438 1769 2458; x_wconf 87' lang='lat' dir='ltr'>ne</span> <span class='ocrx_word' id='word_1_316' title='bbox 1794 2429 1862 2468; x_wconf 81' lang='lat' dir='ltr'>quis</span> 
     </span>
     <span class='ocr_line' id='line_1_36' title="bbox 212 2479 419 2510; baseline 0 -1"><span class='ocrx_word' id='word_1_317' title='bbox 212 2479 258 2509; x_wconf 88' lang='lat' dir='ltr'>eis</span> <span class='ocrx_word' id='word_1_318' title='bbox 282 2480 419 2510; x_wconf 87' lang='lat' dir='ltr'>assistat.</span> 
     </span>
    </p>
   </div>
   <div class='ocr_carea' id='block_1_13' title="bbox 165 2538 1860 2665">
    <p class='ocr_par' dir='ltr' id='par_1_18' title="bbox 165 2538 1860 2665">
     <span class='ocr_line' id='line_1_37' title="bbox 165 2538 1124 2579; baseline -0.002 -8"><span class='ocrx_word' id='word_1_319' title='bbox 165 2553 191 2571; x_wconf 81' lang='lat'>35</span> <span class='ocrx_word' id='word_1_320' title='bbox 318 2538 464 2576; x_wconf 68' lang='lat' dir='ltr'>Bo‘hmer,</span> <span class='ocrx_word' id='word_1_321' title='bbox 490 2538 563 2579; x_wconf 71' lang='lat' dir='ltr'>Rey.</span> <span class='ocrx_word' id='word_1_322' title='bbox 582 2538 692 2570; x_wconf 56' lang='lat' dir='ltr'>Ludna</span> <span class='ocrx_word' id='word_1_323' title='bbox 713 2549 747 2578; x_wconf 76' lang='lat'>2).</span> <span class='ocrx_word' id='word_1_324' title='bbox 763 2540 827 2569; x_wconf 65' lang='lat'>233</span> <span class='ocrx_word' id='word_1_325' title='bbox 851 2538 964 2570; x_wconf 65' lang='lat' dir='ltr'>Psihste</span> <span class='ocrx_word' id='word_1_326' title='bbox 987 2551 1035 2571; x_wconf 76' lang='lat' dir='ltr'>nr.</span> <span class='ocrx_word' id='word_1_327' title='bbox 1054 2541 1124 2570; x_wconf 81' lang='lat'><em>100.</em></span> 
     </span>
     <span class='ocr_line' id='line_1_38' title="bbox 320 2623 1860 2665; baseline -0.001 -12"><span class='ocrx_word' id='word_1_328' title='bbox 320 2623 479 2655; x_wconf 79' lang='lat' dir='ltr'>Iohannes</span> <span class='ocrx_word' id='word_1_329' title='bbox 503 2625 672 2665; x_wconf 87' lang='lat' dir='ltr'>episeopus</span> <span class='ocrx_word' id='word_1_330' title='bbox 696 2634 805 2654; x_wconf 83' lang='lat' dir='ltr'>servus</span> <span class='ocrx_word' id='word_1_331' title='bbox 822 2635 985 2656; x_wconf 89' lang='lat' dir='ltr'>servorum</span> <span class='ocrx_word' id='word_1_332' title='bbox 1003 2625 1073 2655; x_wconf 79' lang='lat' dir='ltr'>Dei.</span> <span class='ocrx_word' id='word_1_333' title='bbox 1164 2625 1216 2656; x_wconf 80' lang='lat' dir='ltr'>Ad</span> <span class='ocrx_word' id='word_1_334' title='bbox 1233 2624 1455 2656; x_wconf 86' lang='lat' dir='ltr'>certitudinem</span> <span class='ocrx_word' id='word_1_335' title='bbox 1473 2624 1666 2664; x_wconf 82' lang='lat' dir='ltr'>presentium</span> <span class='ocrx_word' id='word_1_336' title='bbox 1686 2626 1717 2652; x_wconf 87' lang='lat' dir='ltr'>et</span> <span class='ocrx_word' id='word_1_337' title='bbox 1738 2631 1860 2651; x_wconf 87' lang='lat' dir='ltr'>memo-</span> 
     </span>
    </p>
   </div>
   <div class='ocr_carea' id='block_1_14' title="bbox 210 2674 500 2705">
    <p class='ocr_par' dir='ltr' id='par_1_19' title="bbox 210 2674 500 2705">
     <span class='ocr_line' id='line_1_39' title="bbox 210 2674 500 2705; baseline 0.003 -1"><span class='ocrx_word' id='word_1_338' title='bbox 210 2675 288 2705; x_wconf 83' lang='lat' dir='ltr'>riam</span> <span class='ocrx_word' id='word_1_339' title='bbox 314 2674 500 2705; x_wconf 85' lang='lat' dir='ltr'>futurorum.</span> 
     </span>
    </p>
   </div>
   <div class='ocr_carea' id='block_1_15' title="bbox 315 2776 1198 2811">
    <p class='ocr_par' dir='ltr' id='par_1_20' title="bbox 315 2776 1198 2811">
     <span class='ocr_line' id='line_1_40' title="bbox 315 2776 1198 2811; baseline 0.001 -9"><span class='ocrx_word' id='word_1_340' title='bbox 315 2778 338 2808; x_wconf 89' lang='lat'>1)</span> <span class='ocrx_word' id='word_1_341' title='bbox 357 2776 418 2802; x_wconf 62' lang='lat' dir='ltr'>Scit</span> <span class='ocrx_word' id='word_1_342' title='bbox 440 2776 607 2809; x_wconf 80' lang='lat' dir='ltr'>Avinion(e),</span> <span class='ocrx_word' id='word_1_343' title='bbox 629 2776 686 2802; x_wconf 80' lang='lat' dir='ltr'>XII.</span> <span class='ocrx_word' id='word_1_344' title='bbox 704 2777 764 2802; x_wconf 80' lang='lat' dir='ltr'>Kal.</span> <span class='ocrx_word' id='word_1_345' title='bbox 784 2776 871 2807; x_wconf 70' lang='lat' dir='ltr'>Febr,</span> <span class='ocrx_word' id='word_1_346' title='bbox 891 2786 962 2803; x_wconf 83' lang='lat' dir='ltr'>anno</span> <span class='ocrx_word' id='word_1_347' title='bbox 981 2777 1198 2811; x_wconf 80' lang='lat' dir='ltr'>quartodecimo.</span> 
     </span>
    </p>
   </div>
  </div>
 </body>
</html>
