2205 3025
379 157 439 184 454
614 148 709 175 ACTA
731 147 841 174 REGNI
861 145 1043 172 LUDEWICI
1064 145 1109 171 IV.
1129 144 1174 170 ET
1194 143 1380 170 FRIDERICI
1399 144 1446 170 III.
1484 144 1561 171 1329.
1598 143 1646 169 Nr.
1659 144 1717 169 545.
1737 144 1794 169 546<

379 238 418 268 ad
448 237 566 267 (lictum
596 235 757 265 (lominum
790 233 942 264 vicarium
971 234 1110 272 spectat,
1140 231 1275 271 pecunie
1306 230 1381 261 dicti
1410 231 1485 261 salis
1513 230 1635 271 usqueb
1664 230 1696 260 in
1726 229 1843 260 dictam
1872 240 2028 261 sommam

379 288 502 329 prefato
528 285 713 317 Mueiarello
739 285 856 315 debeat
880 282 1085 324 respondere.
1132 281 1173 312 Et
1189 283 1215 312 si
1239 283 1440 322 contingeret
1463 285 1536 312 ante
1562 282 1762 312 exactionem
1787 281 1871 312 dicte
1895 281 2030 322 pecunie

379 339 475 369 alium
494 339 645 368 vicarium
669 338 700 366 in
725 336 888 377 provincia
904 335 1074 375 Lunen(si)
1098 333 1265 375 subrogari
1289 333 1329 364 ab
1353 334 1561 374 imperatoria
1584 333 1763 370 maiestate,
1789 342 1913 363 exnunc
1936 335 2032 373 prout

379 393 495 420 extunc
519 388 607 419 dedit
631 392 663 419 et
687 386 830 418 vendidit
854 386 937 417 dicto
955 385 1142 416 Muciarello
1166 385 1333 425 recipienti
1351 395 1408 425 pro
1433 394 1466 415 se
1491 385 1542 415 vel
1567 384 1615 415 cui
1639 384 1834 414 commiserit
1856 394 1913 424 pro
1939 383 2031 414 dictis

380 442 445 471 flor.
463 441 554 471 CXX
577 440 645 470 auri
676 440 739 469 iam
764 438 880 468 habitis
910 441 942 468 et
971 437 1132 478 perceptis
1161 436 1410 477 quadringentas
1440 436 1542 466 minas
1566 435 1651 474 salis,
1682 435 1804 465 scilicet
1835 445 1893 475 pro
1921 436 2030 476 precio

379 492 469 522 solid.
487 491 586 521 VIIII
611 490 825 530 imperialium
844 499 900 529 pro
919 488 1063 529 qualibet
1087 488 1173 518 mina
1196 487 1271 518 salis
1294 497 1415 528 grossa,
1441 498 1497 528 pro
1522 486 1697 517 medietate
1723 486 1797 516 salis
1819 485 1902 517 dicte
1928 486 2031 518 doane

377 544 529 581 Sero-ane,
560 541 649 572 sicud
673 541 713 571 ad
738 541 841 581 ipsum
866 540 1030 570 dominnm
1053 540 1204 569 vicarium
1234 541 1358 579 spectat
1384 549 1441 579 pro
1473 538 1680 578 imperatoria
1710 538 1893 577 maiestate,
1927 548 2031 569 reser-

376 598 450 625 vata
474 593 599 623 comuni
617 592 755 628 Sere-ane
779 591 842 622 alia
859 590 1033 622 medietate
1059 590 1132 620 dicti
1157 590 1241 620 salis.
1286 589 1336 620 De
1362 600 1424 630 quo
1450 589 1517 620 sale
1541 589 1684 630 prefatus
1700 588 1907 619 Muciarellus
1930 600 2030 630 usque

377 645 418 676 ad
443 644 693 675 satisfactionem
718 643 793 673 dicti
817 643 917 683 precii
940 641 1060 683 absque
1086 642 1216 672 alterius
1239 641 1290 672 vel
1315 640 1390 672 dicti
1414 641 1523 671 vicarii
1547 640 1598 671 vel
1622 650 1841 671 suceessorum
1865 640 1933 671 eius
1956 651 2031 671 eon-

378 696 566 727 tradictione
598 696 698 736 possit
730 694 836 725 facere
870 693 1020 734 quicquid
1044 693 1122 724 velit
1150 696 1300 734 tanquan]
1331 692 1370 723 de
1402 702 1435 722 re
1459 702 1516 722 sua
1539 692 1668 733 propria
1692 695 1724 722 et
1749 691 1788 722 de
1812 692 1881 732 ipsa
1904 702 2030 732 posses-

377 749 499 778 sionem
533 746 656 787 ingredi
685 749 717 777 et
745 747 849 786 ipsum
879 755 941 786 quo
972 745 1109 775 voluerit
1136 747 1308 784 exportare
1337 746 1369 774 et
1399 744 1520 784 portari
1550 743 1656 774 facere
1688 743 1754 773 sine
1783 752 1875 783 pena.
1938 743 2032 774 Hanc

378 802 485 830 autem
511 798 673 828 dationem
702 798 733 828 in
761 797 900 828 solutum
931 806 986 827 seu
1011 796 1247 826 vendictionem
1276 798 1309 826 et
1333 796 1439 826 omnia
1467 798 1500 825 et
1529 794 1653 835 singula
1682 795 1898 834 suprascripta
1929 794 2032 825 dictus

378 851 525 881 dominus
548 849 740 880 Gabuardus
765 852 929 889 tamquam
953 848 1029 878 almi
1052 847 1178 888 imperii
1195 847 1330 877 vicarius
1360 850 1392 877 et
1415 856 1472 877 suo
1496 847 1626 887 proprio
1652 846 1779 876 nomine
1809 846 1970 886 promissit
2001 848 2033 877 et

377 903 525 933 convenit
549 901 633 932 dieto
657 900 845 931 Muciarello
874 900 966 930 firma
990 902 1022 930 et
1045 902 1114 929 rata
1146 897 1281 936 habere,
1312 901 1437 933 tenere,
1468 897 1637 928 attendere
1662 901 1694 927 et
1719 897 1890 927 observare
1915 900 1947 928 et
1970 908 2032 927 non

378 956 489 984 contra
516 954 623 983 facere
654 952 704 982 vel
733 952 841 982 venire
870 950 928 981 sub
959 950 1156 991 obligatione
1185 949 1341 980 bonorum
1373 959 1512 980 suorum.
1569 948 1769 979 Renuntians
1797 949 1882 979 omni
1910 949 1969 978 iuri
1999 952 2031 979 et

377 1005 503 1046 legibus
531 1007 640 1034 contra
668 1003 727 1034 hec
752 1003 949 1033 introductis.

487 1056 603 1086 Actum
626 1056 658 1085 in
683 1058 785 1085 castro
804 1054 943 1092 Sereane
968 1054 1000 1084 in
1017 1063 1148 1084 camera
1176 1053 1306 1093 palactii
1324 1052 1442 1083 easeri0
1459 1052 1543 1082 dicte
1560 1056 1654 1088 terre,
1679 1051 1880 1092 presentibus
1896 1051 2034 1082 Pucetto

379 1107 515 1138 condam
539 1106 690 1137 Calandri
716 1110 748 1137 et
771 1106 912 1137 Hem-ico
937 1105 1136 1136 Tehotonico
1162 1104 1372 1135 cammerario
1397 1106 1429 1134 et
1453 1103 1602 1134 familiari
1627 1103 1702 1133 dicti
1726 1103 1845 1134 domini
1870 1102 2034 1134 Gabuardi

380 1159 490 1189 vicarii
514 1158 719 1199 suprascripti
744 1157 879 1188 testibus
904 1156 943 1187 ad
968 1156 1027 1187 hee
1052 1157 1173 1186 vocatis
1198 1159 1230 1186 et
1253 1156 1383 1196 rogatis.

992 1225 1093 1255 Facta
1118 1227 1205 1255 carta
1229 1223 1427 1256 Muciarello.

754 1372 840 1407 5413.
889 1372 1046 1406 Vendite'n
1075 1371 1235 1405 tamn-eom
1262 1370 1402 1405 rebellis.
1508 1370 1609 1404 Febr.
1625 1370 1658 1403 3.

488 1447 718 1477 Imbreuiatura
742 1448 793 1484 (c.)
818 1445 874 1476 Le.
897 1444 954 1485 fol.
970 1446 1033 1477 78¹.
1080 1444 1316 1483 Deseripsimus
1338 1454 1403 1475 nos.
1430 1462 1468 1467 -
1496 1443 1686 1475 Ineditmffl.

488 1535 781 1572 MCOCXXVHH,
806 1535 868 1565 ind.
894 1535 969 1569 XII,
996 1535 1046 1565 die
1072 1535 1131 1565 III.
1149 1534 1243 1564 Febr.

488 1588 646 1629 Egregius
671 1591 702 1617 et
726 1591 840 1627 potens
864 1587 956 1617 miles
979 1586 1126 1617 dominus
1150 1585 1342 1616 Gabuardus
1364 1584 1404 1615 de
1427 1583 1595 1623 Sabion(e)
1620 1594 1677 1623 pro
1702 1583 1910 1623 imperatoria
1934 1583 2033 1613 maie-

381 1642 463 1670 state
488 1640 587 1669 tocius
610 1638 773 1679 provincie
792 1638 973 1676 Lun(ensis)
998 1637 1133 1667 vicarius
1150 1636 1310 1677 generalis
1334 1646 1373 1666 ex
1391 1646 1448 1666 suo
1465 1635 1597 1666 arbitrio
1621 1638 1718 1675 atque
1743 1634 1848 1665 officio
1865 1634 2035 1664 vicariatus
2055 1644 2065 1662 ‘2

381 1694 413 1721 et
437 1691 521 1721 omni
546 1689 652 1727 modo,
678 1690 729 1719 via
754 1692 786 1719 et
811 1689 913 1720 forma
937 1688 1053 1729 quibus
1076 1688 1191 1719 melius
1214 1690 1321 1728 potest
1344 1686 1498 1726 vendidit,
1523 1686 1612 1717 dedit
1636 1689 1668 1716 et
1692 1685 1824 1716 tradidit
1848 1684 2034 1716 Guillellmo

382 1741 547 1772 Bonvicini
573 1742 612 1772 de
637 1740 822 1781 Caprigiola
846 1751 903 1780 pro
928 1751 961 1770 se
990 1744 1022 1770 et
1046 1741 1109 1770 suis
1133 1739 1306 1770 heredibus
1336 1739 1455 1769 ementi
1481 1741 1513 1769 et
1537 1738 1701 1778 stipulanti
1726 1741 1826 1768 totum
1852 1740 1884 1768 et
1907 1738 2033 1767 uuiver-

380 1804 447 1823 sum
474 1792 604 1833 podere,
629 1793 848 1832 possessiones
872 1795 904 1821 et
928 1791 1013 1822 bona
1037 1791 1168 1821 mobilia
1193 1794 1225 1821 et
1249 1790 1435 1827 immobilia,
1461 1799 1522 1830 que
1547 1789 1622 1820 olim
1646 1789 1774 1819 fuerant
1797 1788 1955 1819 Iohanelli
1979 1788 2034 1818 filii

382 1844 456 1874 dicti
502 1844 651 1874 3‹›nvicini
683 1847 715 1873 et
742 1853 825 1873 nunc
853 1846 925 1872 sunt
952 1843 1010 1883 ipsi
1040 1842 1169 1872 domino
1203 1843 1320 1872 vicario
1353 1846 1385 1872 et
1416 1842 1483 1872 eius
1512 1842 1597 1872 curie
1629 1840 1866 1871 sentencialiter
1894 1840 2033 1880 aplicata

380 1898 511 1935 propter
535 1894 726 1925 maleficium
745 1894 962 1935 prodictioniS,
988 1894 1072 1934 quod
1098 1893 1237 1924 faciebat
1261 1897 1292 1923 et
1317 1893 1423 1923 facere
1448 1891 1636 1923 intendebat
1660 1895 1770 1922 contra
1793 1891 2033 1932 imperatoriam

380 1947 581 1977 maiestatem
612 1948 643 1975 et
676 1949 787 1975 eontra
815 1946 917 1985 ipsum
949 1945 1111 1975 dominum
1141 1945 1293 1975 vicarium
1323 1944 1362 1974 de
1394 1946 1497 1974 castro
1529 1943 1727 1984 Capi-igiole,
1757 1942 1936 1983 ubicunque
1964 1943 2034 1983 ipsa

381 1998 465 2027 bona
489 1997 550 2026 sint
573 1997 622 2027 vel
647 1997 779 2037 reperiri
805 1997 940 2036 possint7
972 2007 1032 2036 que
1067 1996 1150 2026 bona
1173 2006 1230 2036 per
1254 1995 1373 2026 dietum
1399 1995 1562 2025 dominum
1587 1994 1740 2025 vicarium
1765 1997 1798 2024 et
1821 1994 1889 2024 eius
1914 1994 2034 2024 curiam

384 2048 423 2078 de
454 2048 521 2078 iure
551 2058 590 2078 ex
622 2048 724 2078 forma
757 2048 974 2085 statmtorum)
1003 2048 1119 2077 vicarie
1150 2048 1332 2085 Lun(ensis]>
1364 2047 1523 2077 devastari
1553 2045 1727 2083 dehebant,
1763 2045 1803 2075 ad
1839 2044 2033 2083 habendum,

381 2099 554 2130 tenendum
591 2102 622 2129 et
657 2098 885 2139 possidendum
915 2102 947 2129 et
976 2098 1125 2139 quicquid
1155 2099 1214 2138 ipsi
1244 2097 1428 2129 Guillellmo
1456 2097 1614 2139 placuerit
1647 2099 1805 2137 perpetuo
1841 2095 2033 2126 faciendum.

382 2151 497 2181 Dando
523 2150 627 2181 eidem
651 2150 818 2180 licenciam
844 2153 876 2179 et
898 2149 1033 2183 baliam,
1063 2153 1096 2179 ut
1120 2160 1176 2179 sua
1200 2151 1391 2180 auctoritate
1421 2149 1461 2180 (le
1486 2149 1578 2180 dictis
1606 2148 1696 2179 bonis
1726 2148 1960 2188 possessionem
1986 2148 2031 2177 in-

382 2202 547 2242 grediatur
571 2201 825 2242 quandocunque
850 2200 987 2231 voluerit
1012 2211 1068 2230 sua
1092 2201 1220 2241 propria
1244 2202 1445 2231 auctoritate.
1492 2200 1555 2231 Pro
1579 2200 1688 2240 precio
1713 2199 1802 2229 cuius
1825 2198 2036 2229 vendictionis

383 2253 485 2283 dictus
509 2253 655 2282 dominus
672 2251 864 2282 Gabuardus
881 2252 1017 2282 vicarius
1034 2251 1145 2282 habuit
1170 2255 1202 2282 et
1226 2253 1348 2292 recepit
1371 2252 1400 2282 in
1419 2252 1580 2292 presentia
1604 2250 1667 2281 mei
1692 2249 1832 2289 not(arii)
1858 2253 1890 2280 et
1907 2250 2034 2280 testium

382 2304 654 2344 infrascriptorum
680 2304 747 2333 flor.
765 2303 861 2333 XXV
886 2303 924 2333 de
950 2303 1034 2334 bono
1059 2314 1135 2334 auro
1160 2304 1233 2334 iusti
1257 2303 1409 2344 ponderis
1434 2306 1466 2334 et
1489 2303 1613 2344 legalis.

490 2355 685 2385 Promittens
702 2364 759 2394 per
783 2364 816 2384 se
842 2358 873 2385 et
890 2364 1090 2385 successores
1114 2365 1188 2385 suos
1212 2355 1296 2385 dicto
1314 2355 1451 2395 emptori
1469 2354 1633 2394 recipienti
1659 2355 1693 2383 ut
1709 2352 1828 2383 dictum
1853 2355 1901 2383 est
1924 2362 2034 2392 supra-

384 2407 534 2447 scriptam
568 2406 802 2436 vendictionem
843 2408 874 2436 et
909 2407 1015 2436 onmia
1043 2407 1260 2446 suprascripta
1291 2406 1380 2436 firma
1413 2410 1444 2437 et
1474 2409 1542 2436 rata
1573 2405 1693 2436 habere
1725 2406 1881 2444 perpetuo
1912 2408 1944 2434 et
1971 2414 2033 2433 non

485 2508 549 2534 515.
578 2508 601 2537 1““)
622 2517 688 2539 sequ.
708 2509 739 2532 ad
760 2509 831 2532 delet.
853 2518 872 2532 c.
962 2510 984 2537 c)
1005 2509 1039 2531 ita
1058 2518 1077 2532 «ς.

489 2585 514 2613 1>
533 2584 584 2609 Die
604 2587 627 2609 5.
641 2592 672 2609 m.
690 2583 769 2609 Febr.
789 2583 873 2608 codem
893 2583 969 2608 modo
990 2586 1102 2608 veneant
1123 2583 1193 2608 homi
1208 2583 1360 2610 Martinelli
1375 2583 1440 2609 Vite
1455 2583 1488 2609 de
1502 2582 1664 2616 Caprigiola
1683 2582 1742 2606 item
1761 2581 1862 2607 rebellis
1879 2579 2033 2606 Bondelino

384 2626 498 2652 Martini
512 2627 544 2652 de
556 2626 667 2658 Ver-ano
678 2634 730 2658 pro
740 2626 828 2658 metio
843 2631 890 2651 mn
906 2626 963 2657 flor.
978 2626 1048 2651 auri.
1086 2626 1180 2651 'Fartus
1194 2626 1395 2651 immeritam-ae
1409 2626 1424 2652 Ι,
1436 2634 1457 2652 c.
1469 2626 1513 2657 fol.
1526 2627 1564 2651 ἴδ’
1578 2625 1686 2650 muniam
1699 2623 1852 2649 concordat.
1872 2623 1961 2648 Linea
1975 2621 2034 2647 dati

382 2673 432 2695 cst:
475 2671 575 2695 Actum
601 2669 628 2694 in
653 2668 754 2694 roccha
779 2668 862 2693 castri
888 2667 1019 2699 Sera-ane,
1049 2668 1226 2700 presentibus
1253 2668 1364 2693 domino
1389 2668 1535 2693 Tomasino
1560 2666 1651 2693 iudice
1678 2667 1795 2692 condam
1820 2664 1959 2695 Parentis,
1991 2672 2034 2689 ser

383 2712 519 2738 Guineldo
544 2712 576 2737 de
596 2711 701 2738 Linari,
722 2711 844 2737 Iohanne
869 2710 985 2736 condam
1006 2710 1147 2741 lobannis,
1172 2710 1303 2736 lambono
1325 2711 1449 2736 Parentis
1471 2712 1499 2736 et
1519 2709 1612 2735 Laudo
1631 2708 1735 2735 domini
1761 2707 1839 2734 Rossi
1859 2707 1892 2734 de
1913 2707 2032 2738 Sereana

383 2755 510 2781 testibus⁴

2051 704 2077 722 10

2052 960 2076 978 15

2054 1233 2079 1252 20

2053 1904 2079 1922 30

2053 2160 2077 2178 35

2052 2416 2080 2434 40

2052 2714 2079 2731 45.
