2205 3025
234 585 279 603 cup,
294 581 312 597 Η

236 992 282 1011 (την,
294 989 324 1006 15.

233 1892 324 1929 rap-⁴14.

233 2524 279 2543 cap.
292 2520 321 2538 143.

344 187 399 213 12³1
615 179 707 205 Att'rA
727 179 838 205 REGNI
860 179 1041 205 LUDEWICI
1064 179 1107 205 [V.
1128 179 1171 205 ET
1192 179 1374 206 FRIDERICI
1394 179 1441 205 ΙΙΙ.
1480 180 1554 205 1327.
1591 179 1637 205 Nr.
1652 179 1711 205 277.

338 268 543 298 monitionem
576 271 606 296 et
637 265 787 296 mandata
817 270 923 296 nostra
953 265 1095 305 predicta
1119 265 1282 294 liudovico
1312 265 1437 304 prefato
1466 267 1617 304 tanquam
1644 265 1711 305 regi
1740 265 1789 296 vel
1819 265 1849 295 in
1874 275 1984 305 regem

342 319 553 348 Romanorum
590 318 693 346 electo
723 317 752 346 in
781 316 1035 356 quibuscumque
1064 317 1152 356 regni
1182 326 1238 346 seu
1266 316 1391 356 imperii
1420 316 1564 356 regimen
1593 326 1648 346 seu
1679 316 1985 347 administrationem

339 369 541 405 tangentibus
571 371 741 407 paruerant
770 367 819 397 vel
843 367 1036 397 adheserant
1060 366 1302 406 quomodolibet
1325 369 1380 397 aut
1404 377 1461 407 per
1483 378 1517 397 se
1542 367 1591 397 vel
1615 366 1694 397 alios
1719 367 1838 398 directe
1863 368 1914 398 vcl
1938 368 1985 398 in-

338 420 472 455 direetm
502 419 627 458 publice
657 418 706 448 vel
738 418 863 448 occulte
892 428 987 457 super
1018 417 1168 457 predictis
1191 419 1397 457 prestiterant
1420 417 1524 448 cidem
1549 418 1716 456 auxilium,
1746 419 1911 448 consilium
1936 419 1985 449 vel

340 471 492 507 favorem,
517 470 707 499 auctoritate
733 469 876 509 predicta
893 469 932 498 de
951 469 1091 508 ipsorum
1110 468 1241 498 fratrum
1260 469 1391 499 consilio
1409 468 1640 499 declaravimus
1656 479 1756 508 penas
1772 470 1986 510 suspensionis

339 521 378 550 ab
404 520 504 550 ot'titio
531 524 562 550 et
588 520 742 550 beneficio
767 530 803 549 ac
829 520 1168 550 excommunicationis
1192 521 1366 550 sententias
1389 524 1498 550 contra
1515 520 1595 549 tales
1612 520 1831 560 promulgatas
1848 521 1876 550 in
1896 520 1988 551 dictis

340 572 452 601 uostris
482 570 682 610 processibus
711 571 887 600 incurrisse.
977 571 1140 601 Universis
1169 571 1298 611 insuper
1326 571 1468 611 personis
1493 570 1728 607 ecclesiasticis,
1760 571 1986 611 cuiuscumque

337 622 541 652 conditionis.
574 622 784 661 preminentie
809 631 865 651 scu
889 624 990 652 status
1015 622 1203 661 existerent,
1233 622 1356 652 etiarnsi
1388 621 1542 662 dignitate
1566 621 1783 661 patriarchaliq
1813 622 1987 662 pontificali

336 677 390 703 aut
419 673 481 703 alia
513 673 667 713 superiori
697 673 744 702 vel
775 672 915 702 infcriori
946 672 1120 713 fulgerent,
1151 683 1273 703 necnon
1304 676 1336 703 et
1363 673 1433 703 aliis
1465 673 1608 713 personis
1639 673 1861 703 ecelesiasticis
1893 683 1984 703 secu-

336 724 453 754 laribus
478 724 527 753 vel
559 723 756 764 regularibus
781 724 1006 764 cuiuscumque
1038 724 1200 764 religionis
1225 727 1280 754 aut
1303 724 1420 754 ordinis
1445 727 1477 754 et
1500 724 1682 764 specialiter
1705 723 1815 754 incolis
1839 726 1871 754 et
1894 724 1984 754 habi-

337 775 490 804 tatoribus
523 774 697 805 eorundem
728 775 816 814 regni
847 777 879 805 et
910 775 1034 814 imperii
1058 774 1195 805 Romani
1224 775 1415 805 inhibuimus
1444 778 1476 805 et
1504 775 1725 805 mandavimus
1750 785 1915 815 expresse,
1947 786 1986 806 nc

337 826 441 856 eidem
468 826 658 863 Ltudovico)
689 836 784 865 super
814 825 886 864 hiis,
919 836 979 865 que
1010 826 1050 856 ad
1081 827 1169 866 regni
1198 837 1254 857 scu
1282 827 1406 866 imperii
1436 825 1652 866 predictorum
1681 825 1986 858 administrationem

338 878 511 917 pertinent7
551 887 679 917 quoquo
710 877 805 907 modo
839 877 1038 912 assisterent,
1069 880 1219 917 parerent
1249 888 1305 908 seu
1340 877 1542 908 intenderent
1579 880 1634 907 aut
1665 880 1845 917 prestarent
1881 877 1986 907 eidem

337 928 501 965 auxiliunn
528 928 694 958 consilium
719 928 771 958 vel
795 928 938 958 favorem
963 939 1021 968 per
1044 939 1077 958 se
1103 929 1151 958 vel
1176 928 1273 958 alium
1298 939 1354 959 seu
1378 929 1457 958 alios
1474 928 1602 969 publice
1619 928 1669 958 vcl
1687 929 1809 959 occulte
1834 938 1986 968 quacum-

340 991 400 1020 que
431 980 596 1010 occasione
622 980 746 1020 quesita
776 990 857 1009 neve
883 979 1047 1009 Ludovico
1078 979 1184 1010 eidem
1207 980 1259 1010 'vel
1289 980 1340 1010 alii
1372 990 1428 1020 pro
1457 989 1495 1009 eo
1521 979 1560 1009 de
1591 979 1768 1010 redditibus
1791 979 1842 1010 vel
1865 979 1984 1010 obven-

337 1030 476 1060 tionibus
502 1031 568 1060 sive
594 1030 713 1060 iuribus
738 1030 899 1070 regalibus
923 1031 972 1060 vel
998 1031 1218 1070 imperialibus
1242 1041 1297 1061 seu
1315 1031 1438 1061 ratione
1456 1031 1544 1070 regni
1563 1030 1612 1060 vel
1628 1031 1753 1070 imperii
1770 1030 1986 1070 predictoruin

336 1089 390 1112 aut
415 1082 551 1111 dominii
577 1082 713 1111 cuiusvis
738 1091 795 1121 per
819 1091 891 1111 eum
917 1082 1057 1121 usurpati
1082 1082 1111 1111 iu
1137 1081 1197 1111 illis
1221 1082 1452 1122 responderent
1475 1081 1525 1111 vel
1549 1081 1644 1111 aliam
1662 1080 1911 1111 satisfactionem
1929 1081 1986 1111 sub

336 1143 537 1173 quocumque
572 1133 730 1162 velamine
765 1132 953 1172 impendere
985 1136 1224 1174 attemptarent.
1279 1133 1429 1173 Alioquin
1457 1143 1609 1173 personas
1632 1133 1727 1173 ipsas,
1759 1132 1985 1173 cuiuscumque

339 1184 559 1224 preminentie,
593 1183 782 1213 conditionis
806 1187 861 1213 aut
885 1187 986 1213 status
1011 1184 1196 1222 existerent,
1221 1194 1282 1224 quc
1307 1184 1468 1224 predictas
1492 1183 1697 1214 inhibitiones
1721 1183 1770 1214 vel
1795 1193 1904 1214 earum
1929 1183 1986 1214 ali-

337 1246 431 1275 quam
462 1236 616 1275 preterire
655 1239 891 1275 presumerent7
930 1236 1267 1266 excommunicationis
1304 1236 1479 1273 sententie,
1516 1245 1610 1275 quam
1643 1238 1759 1266 extunc
1790 1234 1986 1275 protulimus,

338 1286 537 1316 decrevimus
558 1286 733 1317 subiacere.
768 1286 840 1316 Non
858 1286 1060 1316 obstantibus
1078 1286 1328 1326 quibuscui‘nque
1345 1286 1520 1326 privilegiis
1538 1289 1569 1316 et
1585 1286 1790 1326 indulgentiis
1806 1286 1989 1326 apostolicis

338 1338 461 1377 prefato
486 1336 674 1366 Ltudovicoi
701 1347 756 1367 seu
782 1338 925 1377 personis
950 1337 1025 1377 ipsis
1050 1338 1260 1368 communiter
1282 1338 1331 1367 vel
1357 1338 1480 1367 divisim
1504 1337 1562 1367 sub
1587 1347 1787 1377 quacumque
1812 1337 1914 1367 forma
1938 1337 1989 1367 vel

338 1388 544 1427 expressione
564 1387 731 1417 verborum
757 1387 796 1417 ab
821 1387 936 1418 eadem
961 1388 1037 1418 sede
1062 1389 1219 1418 concessis
1244 1388 1293 1418 vel
1317 1389 1525 1429 imposterum
1550 1388 1773 1425 concedendis5
1799 1389 1923 1418 etiamsi
1948 1388 1987 1418 de

337 1439 398 1468 illis
428 1443 557 1479 totoque
592 1450 699 1469 tenore.
731 1437 871 1479 ipsorum
903 1439 942 1469 de
969 1440 1065 1469 verbo
1095 1440 1135 1469 ad
1160 1440 1291 1470 verbum
1324 1439 1506 1480 specialiter
1533 1443 1565 1469 et
1595 1450 1744 1480 expresse
1771 1442 1933 1480 oporteret
1956 1440 1987 1469 in

338 1490 450 1519 nostris
482 1490 592 1520 litteris
624 1491 690 1520 fieri
722 1491 932 1527 mentionem,
965 1501 1026 1531 que
1059 1491 1116 1520 sibi
1147 1490 1196 1521 vel
1228 1501 1337 1521 eorum
1370 1491 1462 1521 alicui
1493 1494 1602 1521 contra
1632 1501 1814 1531 processum
1844 1494 1986 1521 nostrum

337 1540 473 1571 eundem
501 1542 549 1571 vel
575 1542 682 1581 aliqua
707 1545 857 1572 contenta
882 1542 911 1571 iu
936 1542 1003 1582 ipso
1028 1542 1057 1572 in
1084 1542 1169 1571 nullo
1194 1542 1351 1572 voluimus
1376 1542 1552 1583 suffragari.
1578 1552 1640 1582 que
1665 1542 1793 1582 quidem
1819 1542 1986 1582 privilegia

338 1596 368 1622 et
399 1592 612 1629 indulgentias
644 1593 772 1623 omnino
804 1593 909 1633 quoad
940 1593 998 1622 hee
1029 1593 1184 1623 voluimus
1216 1596 1246 1623 et
1276 1593 1475 1623 decrevimus
1505 1593 1622 1623 viribus
1649 1593 1787 1624 vacuari.
1835 1593 1986 1633 Apertius

338 1643 558 1673 nichilominus
584 1644 795 1683 predicentes,
826 1644 909 1684 quod
934 1644 1086 1674 adversus
1112 1644 1290 1674 huiusmodi
1315 1648 1564 1684 presumptores,
1589 1644 1739 1684 prelatos7
1764 1644 1931 1684 religiosos
1955 1648 1987 1674 ct

336 1695 415 1724 alias
441 1695 672 1725 ecclesiasticas
699 1706 849 1735 personas
874 1695 1034 1735 predictas
1055 1695 1094 1725 ad
1112 1696 1319 1736 infligendum
1337 1705 1436 1736 penas
1453 1699 1562 1726 contra
1579 1695 1658 1725 tales
1675 1696 1704 1725 in
1722 1696 1855 1736 prefatis
1872 1697 1986 1726 nostris

338 1746 537 1785 processibus
562 1750 725 1776 contentas
751 1749 783 1776 et
807 1748 1004 1777 csunninatas
1029 1757 1084 1776 scu
1102 1746 1328 1777 declarandum
1346 1747 1489 1782 inflictas,
1514 1746 1664 1777 videlicet
1681 1747 1865 1787 privationis
1883 1746 1984 1787 digni-

338 1799 452 1831 tatum‚
484 1801 723 1836 personaturum
755 1798 924 1827 ostitiorum
951 1802 982 1827 ct
1006 1788 1232 1828 beneficiorum
1259 1797 1556 1831 ecclesiasticorum,
1587 1802 1618 1827 et
1642 1797 1744 1835 allias)
1770 1798 1985 1838 spiritualiter.

338 1847 464 1887 quando
496 1851 525 1876 et
559 1849 637 1877 sieut
669 1848 742 1878 sacti
775 1848 923 1878 suaderet
954 1848 1090 1888 qualitas
1120 1852 1174 1878 aut
1204 1852 1388 1889 putaremus
1413 1848 1602 1888 expediens.
1633 1848 1753 1888 absque
1778 1849 1928 1879 citatione
1954 1852 1985 1879 ct

341 1899 513 1928 monitione
539 1899 600 1928 :dia
624 1909 807 1928 ‹·urarennis
832 1900 1007 1939 procedere
1033 1900 1138 1930 divina
1163 1901 1264 1940 gratia
1290 1904 1454 1940 preeunte.
1544 1899 1830 1930 Consederationes
1848 1910 1984 1940 quoun

338 1949 503 1988 pactiones
538 1953 569 1978 et
602 1950 782 1981 sotietates,
814 1951 838 1979 si
867 1961 927 1990 que
957 1952 1037 1980 inter
1070 1952 1172 1991 ipsum
1202 1951 1426 1989 Lt'udovicum)
1458 1954 1489 1980 et
1520 1960 1672 1990 personas
1701 1951 1860 1991 predictas
1889 1961 1985 1991 super

339 2001 501 2040 premissis
527 2001 574 2029 vel
601 2011 638 2029 en.
664 2001 865 2040 tangentibus
890 2002 973 2031 facte
999 2012 1054 2031 seu
1078 2002 1154 2032 inite
1178 2002 1235 2033 sub
1261 2012 1460 2042 quacumque
1485 2002 1586 2032 forma
1611 2002 1659 2031 vel
1685 2002 1890 2042 expressione
1915 2012 1984 2032 ver-

338 2051 460 2080 borum.
486 2051 583 2080 etiam
610 2062 760 2090 penarum
779 2052 969 2083 adiectione.
995 2053 1242 2083 iuramentormn
1261 2053 1456 2093 prestatione
1474 2053 1523 2083 vel
1541 2063 1741 2093 quacumque
1758 2053 1820 2083 alia
1836 2053 1984 2083 firmitate

337 2101 455 2131 vallate
481 2102 626 2131 fuissent.
660 2106 770 2141 utpote
800 2103 829 2131 in
855 2103 958 2132 divine
984 2104 1158 2134 maiestatis
1182 2104 1334 2134 offensam
1359 2114 1395 2134 ac.
1420 2107 1528 2134 contra
1552 2105 1620 2134 iura
1645 2107 1676 2134 et
1699 2103 1852 2134 honorem
1876 2107 1985 2135 sancte

338 2153 447 2182 matris
478 2153 611 2182 ecclesie
643 2164 678 2182 ac
705 2154 733 2182 in
758 2153 930 2193 dampnum
964 2158 995 2184 et
1020 2155 1227 2194 preiudicium
1252 2155 1426 2195 reipublice
1456 2158 1487 2185 et
1511 2155 1687 2194 periculum
1711 2155 1887 2185 animarum
1912 2165 1984 2195 pre-

338 2206 477 2243 sumpt<-7
510 2203 709 2233 decrevimus
739 2204 853 2236 nullas.
887 2215 1004 2235 cassas.
1040 2207 1142 2245 irritas
1172 2210 1202 2237 et
1231 2207 1340 2236 inanes
1370 2210 1401 2236 et
1426 2206 1540 2236 nullius
1564 2207 1702 2236 existere
1726 2206 1898 2241 firmitatisq
1930 2215 1985 2236 eas

338 2258 494 2294 quatenus
525 2254 564 2283 de
602 2256 684 2284 facto
722 2259 942 2295 processerant
977 2258 1209 2289 revocavimus.
1242 2258 1450 2295 cassavimus,
1482 2257 1686 2290 irritavimus,
1718 2257 1919 2287 dissolvimus
1952 2260 1984 2287 et

338 2306 465 2335 omnino
492 2305 608 2335 viribus
633 2305 781 2335 duximus
806 2307 1000 2339 vacuamlas⁴
1034 2309 1211 2338 iuramenta
1240 2309 1368 2348 insuper
1397 2319 1492 2348 super
1520 2308 1580 2338 hcc
1607 2308 1740 2348 prestita
1768 2308 1982 2338 relaxavimus

341 2356 380 2385 de
405 2356 581 2395 apostolice
607 2356 803 2396 plenitudiue
828 2358 1005 2396 potestatis.
1046 2361 1165 2387 (lmnes
1190 2360 1285 2389 etiam
1312 2360 1382 2389 illos
1406 2362 1438 2389 ct
1462 2359 1611 2399 singulos*
1637 2359 1689 2399 qui
1707 2358 1984 2389 confederationes

338 2411 369 2437 ct
393 2408 558 2437 sotietates
583 2407 762 2437 huiusmodi
789 2408 873 2438 dicto
892 2408 1080 2447 laudovicm
1106 2414 1212 2440 contm
1240 2421 1405 2450 processus
1430 2409 1560 2440 eosdem
1586 2413 1657 2450 post
1677 2409 1796 2440 dictum
1814 2409 1983 2439 terminum

337 2463 557 2497 presumerent
582 2458 762 2495 observare,
789 2459 948 2498 predictas
966 2471 1064 2499 penas
1082 2464 1114 2490 et
1130 2462 1304 2491 sententias
1320 2462 1480 2491 incurrere
1498 2461 1653 2491 voluimus
1670 2462 1738 2501 ipso
1756 2461 1852 2498 facto,
1877 2464 1985 2490 contra

339 2519 393 2538 cos
407 2508 614 2548 spiritualiter
629 2512 661 2539 et
675 2510 896 2549 teulfum-aliter
908 2511 1035 2550 gravius
1050 2513 1236 2550 processuri.
1255 2516 1348 2551 prout
1362 2512 1451 2542 nobis
1465 2512 1640 2552 expediens
1655 2512 1827 2542 videretur.
1888 2510 1983 2541 Cete-

337 2570 405 2589 rum
435 2560 593 2599 predictas
622 2561 835 2600 suspensimiis
867 2565 897 2591 et
931 2563 1269 2592 exeommunicati<»nis
1298 2564 1471 2593 sententias
1500 2564 1542 2593 sic
1572 2563 1729 2593 voluimus
1759 2561 1985 2593 inviolabiliter

338 2611 514 2642 observari.
546 2612 628 2651 quod
655 2612 842 2642 absolvendi
871 2612 911 2641 ab
943 2612 988 2642 eis
1012 2612 1061 2642 vel
1087 2613 1251 2643 relaxandi
1277 2614 1405 2644 easdem
1435 2615 1493 2644 nisi
1519 2617 1639 2644 tantuin
1665 2615 1693 2644 in
1718 2615 1827 2644 mortis
1851 2613 1983 2643 articulo

338 2665 401 2691 tam
435 2662 579 2691 omnibus
612 2663 842 2702 penitentiariis
871 2665 986 2694 nostris
1015 2675 1110 2703 quam
1141 2664 1392 2705 quibuscuuispie
1421 2666 1491 2695 aliis
1519 2665 1752 2695 confessoribus
1780 2663 1984 2704 generalibus

338 2713 385 2742 vel
404 2713 595 2752 specialibus
613 2724 667 2743 seu
686 2714 895 2744 familiaribus
913 2725 1184 2755 1luarumcumque
1203 2716 1251 2745 vel
1270 2719 1560 2756 quantumcumqiw
1578 2716 1759 2746 sublimium
1777 2725 1984 2755 personarum

338 2763 472 2794 ubilibet
503 2765 758 2803 coiisistentium,
791 2766 913 2795 etiamsi
947 2776 1001 2795 cas
1032 2778 1046 2796 a
1079 2766 1168 2795 nobis
1199 2766 1246 2796 vel
1279 2767 1386 2806 aliquo
1420 2767 1681 2806 p1·e‹lecess11n·un1
1714 2770 1890 2796 nostrorum
1925 2765 1982 2795 sub
2002 2775 2012 2791 ἕ·

2006 734 2029 752 10

2006 989 2029 1007 15

2006 1243 2032 1262 20

2006 1501 2030 1520 25

2004 1757 2029 1775 30

2005 2010 2029 2028 35

2003 2267 2028 2285 40

2003 2521 2028 2539 ⁴5
