2205 3025
135 829 160 848 10

135 1139 157 1157 15

132 1397 158 1417 20

578 174 672 201 ACTA
693 174 807 201 REGNI
826 175 1010 203 LUDEWICI
1030 177 1075 204 IV.
1114 178 1188 206 1330.
1225 179 1274 205 Nr.
1287 179 1345 207 893.
1365 180 1422 207 894.
1772 186 1829 215 741

180 260 471 301 promovendarum
496 261 527 292 in
551 261 673 292 eisdem
696 262 816 302 poteris
839 264 945 304 aptius
970 265 1129 304 ordinare,
1154 265 1226 297 ideo
1243 267 1417 298 sinceritati
1436 271 1488 299 tue
1507 270 1618 299 tenore
1635 271 1831 310 presentium

179 312 329 343 duximus
353 312 545 343 fiducialiter
568 313 842 354 committendum,
867 317 902 345 ut
939 316 971 345 in
1010 316 1142 357 singulis
1181 317 1323 348 ecclesiis
1349 321 1381 349 et
1418 320 1620 350 monasteriis
1658 319 1831 361 dyocesum

180 363 459 405 Mogunt(inensis)
494 368 526 395 et
549 364 781 404 Trever(ensis)
820 366 1054 397 antedictarum
1090 371 1122 398 et
1156 367 1243 409 apud
1267 368 1408 409 prelatos
1438 369 1581 401 locorum
1610 371 1831 413 religiosorum

180 426 444 457 quorumcunque
467 416 595 447 nomine
620 420 653 447 et
676 416 746 447 loco
771 418 869 448 nostri
893 428 1006 458 preces
1036 420 1205 459 primarias
1236 420 1275 451 de
1305 421 1510 452 coronatione
1541 425 1649 452 nostra
1682 423 1713 453 in
1742 422 1830 454 Urbe

180 466 354 505 celebrata,
378 466 431 497 ubi
455 467 535 498 alias
559 469 591 498 et
614 468 700 508 prius
725 478 782 509 per
810 479 866 499 nos
895 480 957 500 non
985 472 1057 500 sunt
1085 480 1245 510 concesse,
1275 471 1352 502 dare
1382 471 1438 513 [et]
1469 473 1633 513 porrigere
1665 474 1746 505 sicut
1774 484 1831 505 nos

179 518 239 558 ipsi
263 518 372 548 valeas
396 521 492 559 atque
516 519 627 559 possis,
717 519 754 550 In
779 521 867 551 cuius
891 521 937 552 rei
961 521 1178 552 testimonium
1194 526 1361 563 presentes
1378 523 1535 554 conscribi
1552 527 1584 555 ct
1600 524 1704 565 sigillo
1722 529 1830 556 nostro

179 579 326 600 iussnnus
350 579 547 600 commumrl.

286 620 406 651 Datum
430 622 566 658 Monaei,
592 622 622 652 in
646 622 698 653 die
731 623 818 654 beati
846 623 1011 665 Stephani,
1040 624 1131 665 regni
1163 625 1259 655 nostri
1290 635 1372 656 anno
1400 625 1675 666 septimodecimo⁷
1705 627 1830 667 imperii

180 683 255 704 vero
279 673 385 711 tertio,
409 683 491 704 anno
516 673 645 704 Domini
670 673 785 705 MCCO
811 675 970 706 tricesimo
996 675 1097 716 primo
1110 676 1127 706 ¹.

628 812 714 848 894.
755 813 926 858 Scriptum
956 813 1113 849 alterum.
1219 815 1300 850 Dee.
1320 817 1381 850 26.

281 887 379 926 Copia
402 886 523 918 ibidem.
568 886 646 917 Item
675 886 873 917 contulinms.
918 887 977 917 Est
1001 887 1146 918 rubrum:
1181 888 1275 923 Quod
1306 890 1406 930 prime
1438 900 1549 930 preces
1573 890 1676 921 solum
1700 889 1828 922 valeant

177 950 234 981 per
257 940 485 981 imperatorem
509 941 564 970 et²¹
588 948 650 969 non
675 938 780 979 plures
805 939 836 968 in
860 938 896 968 ·I·
921 944 1049 969 manu-².
1075 957 1115 961 —
1139 939 1199 970 Ed.
1225 939 1336 971 Felten
1359 940 1378 971 l.
1396 951 1420 972 c.
1445 941 1491 978 II,
1514 941 1578 971 2⁹3
1600 951 1649 972 ην.
1666 943 1687 972 3
1708 952 1746 973 ex
1769 953 1795 974 c.

285 1025 478 1057 Ludowicus
502 1025 561 1056 Dei
587 1025 690 1066 gratia
713 1025 931 1056 Romanorum
962 1027 1137 1066 imperator
1164 1036 1293 1067 semper
1319 1032 1472 1067 augustus
1501 1028 1688 1068 profitemur
1715 1031 1748 1059 et
1778 1039 1827 1059 re-

177 1078 399 1119 cognoscimus
423 1076 550 1118 publice
574 1087 632 1117 per
656 1080 832 1117 presentes,
858 1077 943 1117 quod
968 1080 1074 1108 nostre
1098 1078 1282 1108 intentionis
1300 1082 1332 1109 et
1348 1079 1520 1109 voluntatis
1536 1082 1594 1117 est,
1619 1082 1713 1120 prout
1729 1080 1826 1110 etiam

177 1129 253 1160 iuris
273 1130 450 1160 communis
469 1128 593 1170 [ordo]b
618 1128 736 1169 ubique
758 1129 859 1159 innuit
883 1132 915 1159 et
935 1128 1142 1165 demonstrat,
1168 1129 1253 1170 quod
1277 1130 1307 1160 in
1332 1130 1463 1171 singulis
1487 1130 1630 1161 ecclesiis
1647 1141 1683 1161 ac
1700 1141 1827 1161 monas-

177 1181 283 1212 teriisc
303 1180 476 1221 dyocesum
494 1180 747 1221 Moguntinensis
772 1183 804 1210 et
821 1179 1027 1210 'Pi-everensis
1045 1180 1130 1211 nulle
1147 1191 1259 1221 preces
1276 1185 1382 1212 nostre
1400 1182 1548 1222 primarie
1567 1192 1605 1212 ex
1623 1183 1827 1213 coronatione

177 1235 285 1263 nostra
309 1232 339 1262 in
358 1231 444 1263 Urbe
468 1232 631 1263 celebrata
649 1232 712 1262 vim
729 1231 880 1271 habeant⁷
905 1232 962 1261 nisi
987 1242 1049 1272 que
1073 1232 1217 1272 primitus
1242 1236 1274 1262 et
1297 1233 1398 1273 primo
1424 1243 1480 1273 per
1500 1244 1556 1262 nos
1573 1243 1724 1264 concesse
1746 1237 1826 1269 suntq

177 1283 294 1314 tradite
319 1286 351 1314 et
374 1283 496 1314 indulte
522 1294 624 1324 neque
649 1283 837 1314 occasioned
862 1283 1039 1324 aliquarum
1064 1283 1277 1324 posteriorum
1302 1294 1431 1324 precum
1457 1284 1597 1324 prelatos
1621 1285 1826 1315 ecclesiarum

176 1336 243 1366 sive
272 1336 539 1366 monasteriorum
567 1334 803 1365 antedictorum
835 1345 891 1365 seu
921 1335 1101 1376 religiosos,
1138 1335 1353 1376 cuiuscunque
1386 1335 1576 1366 conditionis
1610 1336 1676 1366 sive
1710 1336 1827 1367 ordinis

178 1388 325 1422 existant,
351 1388 467 1418 arctari
491 1387 637 1417 volumus
660 1397 719 1417 nec
744 1387 903 1427 compelli.
994 1386 1029 1416 In
1055 1387 1142 1417 euius
1167 1387 1211 1417 rei
1236 1387 1452 1417 testimonium
1478 1390 1643 1427 presentes
1672 1387 1828 1418 conscribi

177 1442 210 1470 et
233 1438 336 1480 sigillo
361 1439 508 1469 iussimus
532 1439 730 1469 communiri.

284 1490 403 1521 Datum
420 1490 558 1528 Monaci,
583 1490 634 1520 die
651 1489 739 1520 beati
755 1489 910 1530 Stephani
927 1489 1193 1530 prothomartiris,
1219 1500 1301 1520 anno
1319 1489 1447 1520 Domini
1460 1488 1677 1520 MCCOXXX
1695 1490 1796 1530 primo
1808 1491 1826 1522 ¹.

176 1543 266 1583 regni
290 1543 387 1573 nostri
412 1552 494 1573 anno
519 1541 795 1583 septimodecimo.
817 1542 942 1582 imperii
967 1552 1041 1573 vero
1066 1542 1171 1572 tertio.

279 1645 344 1671 894.
372 1647 395 1677 ³)
415 1651 439 1672 et
454 1660 486 1664 —
502 1655 580 1671 manu
605 1648 659 1671 αίία
684 1655 762 1671 manu
786 1655 866 1677 snpra
891 1646 985 1670 lineam
1010 1646 1072 1670 add.
1097 1654 1116 1669 c.
1215 1645 1238 1676 ¹‘)
1258 1645 1350 1670 escam
1368 1653 1406 1670 c.:
1429 1644 1545 1669 similiter
1569 1645 1624 1676 fere
1648 1644 1827 1676 supplendum.

133 1698 154 1709 θ’
180 1690 202 1720 c)
222 1697 251 1714 ao
271 1690 430 1714 monasteriis
448 1694 591 1714 atramento
608 1690 747 1721 pallidiori
764 1694 820 1720 post
840 1689 902 1713 add.
922 1698 942 1714 c.
1031 1687 1055 1718 d)
1075 1689 1220 1713 occasiones
1240 1697 1260 1713 c.

282 1758 305 1789 1)
325 1758 423 1783 Annus
441 1758 536 1790 incipi!
554 1758 621 1789 festo
641 1757 793 1782 nativ-itatis
815 1757 935 1783 Domini.

278 2850 317 2868 u.
327 2849 552 2868 coxsrzmnomzs
568 2849 604 2866 vi.
1588 2833 1622 2858 94
