2205 3025
167 794 191 812 10

169 1047 191 1064 15

169 1302 193 1321 20

172 1560 196 1579 ⁴25

174 1818 200 1837 30

173 2076 197 2094 ³5

172 2332 198 2350 40

648 171 743 198 ACTA
764 171 875 198 REGNI
896 170 1079 197 LUDEWICI
1098 170 1144 196 IV.
1183 170 1257 196 1330.
1295 168 1342 194 ΝΥ.
1356 169 1413 195 752.
1794 168 1856 199 639

318 259 368 301 Cf.
392 261 508 299 scripta
535 259 733 298 imperatoris
757 258 898 289 a.1330.
923 257 1006 288 Mai.
1021 258 1064 287 26
1087 257 1176 292 data,
1210 256 1339 294 itemque
1362 254 1483 285 litteras
1506 264 1688 289 consensus,
1719 263 1798 293 qnae
1821 263 1860 285 ea·

205 312 304 352 copiis
326 311 546 343 recenlioribus
568 311 656 340 notat
680 309 770 341 Sm'n
794 309 813 340 l.
837 319 860 340 c.
881 319 914 348 2³·
932 309 974 338 (1¹52
995 319 1043 339 nr.
1059 308 1201 337 54a—e.

317 372 365 411 Cf.
391 372 477 409 infra
500 381 548 401 nr.
566 372 637 401 773.

314 473 554 516 {Lud230wicus
582 472 643 503 Dei
671 472 775 513 gratia
798 471 1017 502 Romanorum
1046 471 1221 510 imperator
1249 479 1376 509 semper
1405 472 1559 509 augustus
1648 467 1860 508 prudentibus

207 526 281 556 viris
307 550 312 555 .
333 550 338 555 .
364 525 524 566 magistris
549 524 724 559 consulum,
749 523 931 554 consulibus
955 526 987 553 et
1009 522 1209 552 universitati
1233 521 1369 551 civitatis
1393 519 1596 558 Swiufurthe,
1622 519 1770 550 fidelibus
1795 519 1859 549 suis

208 581 240 609 et
264 576 391 617 imperii
415 575 540 606 dilectis
629 575 766 616 gratiam
790 585 879 605 suam
905 577 938 605 et
961 584 1054 604 omne
1078 572 1206 603 bonum.

315 627 496 668 Imperialis
530 627 707 657 maiestatis
743 629 850 656 nostre
885 624 1041 656 celsitudo
1076 623 1273 664 peramplius
1312 621 1455 653 sublimis
1490 620 1724 651 sublimationis
1758 620 1859 661 tytulo

208 678 371 710 sublimari
403 678 603 709 concernitur
639 680 670 708 et
705 676 831 716 extolli,
869 676 945 707 dum
976 675 1183 706 benemeritis
1214 674 1330 704 nostris
1365 676 1397 704 et
1432 673 1513 703 sacri
1545 672 1672 712 imperii
1703 671 1860 706 fidelibus,

209 732 294 771 ipsos
332 729 509 769 favoribus,
550 729 674 770 gratiiS,
717 728 920 759 libertatibus
955 732 987 758 et
1022 726 1245 757 munificentiis
1280 724 1494 765 singularibus
1533 723 1753 754 favorabiliter
1787 733 1860 763 pro—

209 781 383 823 sequendo,
409 781 595 811 meritorum
619 790 747 810 suorum
765 779 922 820 condigna
945 778 1215 809 remuneracionis
1240 776 1362 817 premia
1387 786 1427 806 ex
1451 775 1545 805 solita
1562 775 1738 805 maiestatis
1755 777 1862 804 nostre

208 833 379 865 clementia
403 832 571 863 tribuimus
596 835 628 861 et
652 830 815 875 largimur,
840 840 899 871 per
922 830 1008 870 quod
1033 829 1162 870 quidem
1192 829 1358 858 universos
1387 826 1498 857 fideles
1526 826 1567 857 ad
1595 825 1793 857 sufferendos
1817 825 1862 855 la-

212 885 307 915 bores
331 884 498 915 continuos
522 893 579 923 pro
604 882 779 922 imperialis
803 881 1042 912 sublimacionis
1067 879 1260 920 dyademate
1292 889 1329 909 eo
1355 879 1530 909 ferventius
1554 882 1585 908 et
1609 878 1771 908 efficacius
1795 877 1863 907 ani-

211 946 345 967 mamus.
378 935 520 966 Veniens
544 935 640 975 igitur
662 933 704 964 ad
728 937 835 964 nostre
860 933 1037 964 maiestatis
1061 932 1265 962 clementiam
1289 929 1476 971 spectabilis
1500 930 1545 959 vir
1561 928 1732 959 Bel-toldus
1756 937 1863 959 comes

211 989 242 1018 in
266 985 496 1018 Henuinberch
521 985 712 1015 secretarius
737 988 844 1015 noster
874 985 1008 1015 dilectus
1037 983 1141 1014 fidelis
1165 982 1356 1013 instantibus
1381 982 1445 1011 suis
1470 980 1618 1022 precibus
1646 980 1736 1011 nobis
1759 979 1863 1010 humi-

211 1040 284 1070 liter
306 1037 507 1079 supplicavit,
533 1037 682 1077 quatinus
699 1036 789 1066 vobis
810 1037 878 1066 iura
902 1040 934 1066 et
951 1035 1119 1076 privilegia
1136 1038 1242 1065 vestra
1259 1044 1387 1063 suorum
1405 1033 1605 1073 rogamiuum
1622 1034 1863 1071 vestrorumque

211 1091 397 1122 meritorum
422 1088 512 1119 uobis
536 1092 568 1118 et
592 1098 682 1118 sacro
707 1088 842 1127 imperio
868 1088 1024 1117 factorum
1057 1090 1088 1116 et
1118 1085 1338 1116 faciendorum
1367 1084 1482 1114 intuitu
1511 1084 1677 1119 innovare,
1706 1082 1864 1113 ratificare

212 1145 244 1173 et
268 1141 455 1172 confirmare
485 1150 525 1170 ex
554 1139 760 1180 imperatorie
791 1139 969 1169 maiestatis
1001 1141 1107 1168 nostre
1142 1136 1312 1167 elementia
1343 1135 1557 1176 dignaremur
1609 1134 1706 1164 Cuius
1734 1132 1864 1174 quidem

213 1192 403 1224 instantibus
436 1190 648 1232 peticionibus
683 1191 869 1230 meritisque
899 1190 1011 1219 vestris
1044 1188 1192 1220 fidelibus
1225 1186 1365 1217 inclinati
1393 1186 1517 1227 singula
1547 1189 1578 1216 et
1612 1186 1758 1216 universa
1787 1185 1865 1223 iura,

213 1243 390 1285 privilegia,
414 1243 544 1283 gratias,
571 1241 746 1277 libertates,
772 1242 974 1277 emunitates,
999 1239 1179 1270 laudabiles
1204 1242 1236 1269 et
1259 1239 1360 1268 bonas
1384 1237 1631 1268 consuetudines
1654 1247 1673 1267 a
1698 1237 1777 1267 divis
1800 1235 1865 1266 Ro-

213 1305 379 1327 manorum
403 1293 652 1334 imperatoribus
677 1296 708 1323 et
732 1293 862 1333 regibus
887 1291 1169 1333 predecessoribus
1194 1290 1308 1321 nostris
1334 1289 1423 1319 vobis
1447 1299 1598 1319 concessa
1626 1292 1657 1318 et
1688 1297 1865 1323 concessas,

214 1357 275 1389 que
310 1346 361 1377 vel
400 1356 477 1386 quas
517 1355 641 1375 exnunc
678 1344 847 1385 possidetis
884 1347 916 1374 et
956 1343 1111 1374 haetenus
1145 1341 1246 1372 libere
1282 1340 1469 1381 possedistis
1504 1343 1536 1370 et
1568 1340 1664 1369 etiam
1700 1338 1814 1379 quibus
1849 1348 1865 1367 a

214 1399 382 1430 retroactis
405 1396 604 1438 temporibus
628 1397 676 1426 usi
700 1396 813 1435 fuistis,
838 1395 996 1436 presentis
1013 1395 1120 1435 scripti
1146 1393 1322 1434 patrocinio
1341 1394 1497 1433 perpetue
1515 1391 1650 1421 valituro
1676 1389 1867 1420 auctoritate

214 1454 322 1481 nostra
346 1449 572 1490 approbamus.
598 1448 790 1478 ratificamus
807 1451 838 1477 et
856 1448 886 1477 iu
904 1446 965 1477 Dei
990 1446 1117 1476 nomine
1143 1445 1377 1475 confirmamus,
1411 1442 1601 1483 Specialiter
1618 1445 1725 1472 tamen
1742 1444 1868 1471 centam

216 1506 248 1532 et
271 1500 422 1532 iudicium
447 1499 532 1541 quod
558 1500 733 1540 vulgariter
761 1498 876 1529 dicitur
905 1497 1099 1539 lantgerithe
1125 1507 1162 1527 eo
1187 1496 1283 1527 modo
1312 1499 1344 1526 et
1372 1494 1570 1527 condicione,
1602 1492 1687 1534 quod
1713 1492 1869 1523 officiatus

216 1556 323 1583 vester
346 1551 476 1590 ibidem,
501 1551 554 1591 qui
579 1554 652 1581 tune
677 1561 733 1591 pro
758 1554 904 1591 tempore
929 1550 1119 1580 constitutus
1147 1548 1253 1586 fuerit⁷
1282 1548 1313 1577 in
1342 1546 1473 1587 singulis
1503 1546 1605 1576 causis
1633 1543 1869 1575 sentencialiter

216 1603 358 1634 iudicare
378 1604 476 1644 possit
501 1606 533 1633 et
556 1603 623 1633 sine
641 1602 859 1643 inpedimento
878 1601 983 1632 eidem
1008 1601 1125 1631 iudicio
1150 1600 1257 1630 valeat
1281 1598 1382 1628 libere
1408 1596 1571 1638 presidere
1595 1596 1785 1626 auctoritate
1810 1595 1867 1624 im-

218 1655 379 1696 peratoria
403 1658 566 1695 tamquam
592 1653 689 1684 iudex
713 1653 889 1693 legittimus
911 1657 1007 1693 atque
1027 1662 1128 1682 verus.
1164 1650 1348 1681 statuentes
1371 1650 1467 1680 etiam
1490 1648 1574 1689 quod
1597 1648 1699 1677 nullus
1721 1658 1762 1677 ex
1779 1645 1868 1676 vobis

218 1706 421 1748 personalem
438 1705 645 1736 residentiam
663 1705 693 1734 in
711 1705 839 1734 civitate
853 1703 998 1744 predicta
1012 1701 1204 1732 Swinfurthe
1224 1702 1343 1731 faciens
1359 1700 1399 1730 ad
1413 1699 1499 1730 aliud
1515 1703 1701 1730 extraneum
1718 1696 1867 1727 iudicium

220 1759 251 1788 in
275 1767 476 1798 quacumque
501 1767 597 1787 causa
621 1755 705 1786 civili
722 1755 771 1785 vel
797 1755 953 1786 criminali
971 1755 1107 1785 cuiusvis
1124 1753 1199 1783 iuris
1216 1755 1271 1782 aut
1294 1752 1374 1792 legis
1392 1751 1581 1781 auctoritate
1598 1749 1739 1790 presenti
1763 1751 1868 1778 nostre

219 1809 321 1849 gratie
347 1808 589 1849 derogantib11S‚
619 1817 754 1848 quorum
783 1807 813 1836 in
842 1806 1043 1846 presentibus
1068 1808 1153 1835 esset
1176 1803 1323 1834 facienda
1351 1802 1531 1833 necessario
1562 1801 1680 1832 mentio
1710 1799 1868 1840 specialis.

217 1860 332 1900 quibus
357 1859 463 1901 quoad
488 1861 671 1899 presentem
701 1858 837 1898 gratiam
863 1857 1056 1897 derogamus
1087 1859 1120 1886 et
1149 1866 1218 1886 esse
1243 1854 1388 1885 volumus
1413 1853 1617 1893 derogatum,
1642 1851 1738 1890 trahi,
1762 1851 1869 1881 vocari

219 1914 274 1942 aut
298 1911 387 1941 citari
412 1911 511 1950 possit
535 1920 593 1940 nec
618 1909 736 1940 debeat
760 1918 817 1938 nec
842 1918 949 1938 coram
974 1907 1039 1937 ullo
1064 1907 1126 1937 alio
1149 1917 1245 1947 quam
1270 1916 1377 1936 coram
1402 1905 1499 1945 ipsius
1523 1904 1660 1934 civitatis
1677 1901 1869 1933 Swinfurthe

218 1962 363 2003 predicte
398 1961 503 1991 iudice
537 1964 634 2001 queat
669 1964 701 1991 et
730 1960 836 1990 valeat
871 1959 1041 1990 conveniri.
1089 1958 1147 1989 Cui
1183 1961 1291 1988 tamen
1327 1956 1506 1997 querulanti
1539 1958 1594 1986 aut
1629 1952 1869 1995 quel-ulantibus

222 2012 461 2044 habundantem
487 2015 519 2042 et
543 2011 730 2052 expeditam
755 2011 911 2042 iusticiam
936 2010 1110 2041 seeundum
1134 2010 1233 2050 ipsius
1251 2009 1388 2039 civitatis
1412 2008 1611 2047 aliarumque
1635 2008 1814 2035 nostrarum
1839 2007 1870 2034 et

218 2064 299 2094 sacri
323 2063 461 2094 Romani
486 2063 613 2103 imperii
638 2063 802 2092 civitatum
828 2061 943 2092 bonam
969 2064 1001 2092 et
1025 2069 1228 2091 communem
1253 2058 1526 2090 conswetudinem
1550 2058 1694 2088 volumus
1719 2059 1751 2087 et
1780 2065 1869 2086 man-

219 2115 330 2146 damus
358 2113 560 2155 presentibus
589 2113 746 2144 exhiberi.
856 2112 943 2143 Nulli
974 2122 1051 2153 ergo
1079 2111 1206 2142 omnino
1237 2110 1399 2141 hominum
1428 2110 1523 2140 liceat
1554 2109 1634 2139 hanc
1663 2111 1769 2138 nostre
1794 2106 1869 2136 rati-

218 2167 384 2205 fieationis,
409 2165 650 2206 approbationis
668 2169 699 2196 et
716 2165 964 2195 confirmationis
981 2163 1122 2204 graciam
1139 2162 1312 2202 infringere
1332 2162 1381 2192 vel
1399 2162 1428 2191 ei
1445 2171 1523 2191 ausu
1541 2159 1710 2191 temerario
1729 2157 1872 2199 quolibet

219 2218 389 2248 contraire.
435 2217 467 2247 Si
493 2217 563 2258 quis
586 2220 695 2248 autem
720 2217 779 2247 hoe
804 2219 997 2257 attemptare
1022 2214 1262 2256 presumpserit,
1286 2223 1419 2254 gravem
1450 2212 1705 2252 indignacionem
1730 2212 1870 2240 nostram

220 2273 253 2299 et
277 2279 393 2309 penam
418 2268 649 2309 quinquaginta
673 2267 826 2298 librarum
854 2267 922 2298 auri
952 2266 1036 2308 puri,
1067 2276 1201 2307 quarum
1230 2264 1439 2296 medietatem
1467 2263 1543 2294 fiseo
1567 2266 1688 2295 nostro,
1714 2261 1870 2301 reliquam

220 2331 295 2351 vero
320 2320 528 2351 medietatem
558 2320 703 2350 iniuriam
733 2320 834 2361 passis
864 2319 1019 2360 applicari
1044 2318 1204 2355 volumus,
1234 2327 1268 2348 se
1299 2316 1422 2347 noverit
1451 2315 1627 2345 iucurrisse.
1718 2312 1755 2342 lu
1784 2312 1870 2342 cuius

221 2372 267 2402 rei
291 2372 508 2403 testimonium
532 2375 698 2412 presentes
721 2370 879 2401 conscribi
902 2370 1145 2410 maiestatisque
1170 2372 1277 2399 nostre
1302 2367 1405 2408 sigillo
1430 2366 1577 2397 iussimus
1601 2364 1786 2395 conmuniri.

327 2430 446 2462 Datum
474 2431 606 2472 Ulm(e).
630 2441 713 2462 anno
738 2430 869 2461 Domini
893 2429 1063 2460 millesimo
1090 2429 1320 2459 trecentesimo
1345 2427 1524 2461 trecesimo,
1555 2425 1644 2465 regni
1668 2423 1764 2454 nostri
1789 2432 1870 2453 anno

225 2482 398 2517 sedecimo,
422 2483 549 2523 imperii
573 2492 648 2512 vero
673 2483 783 2519 tercio,
808 2481 953 2522 proxima
978 2478 1117 2511 secunda
1142 2479 1221 2510 feria
1245 2482 1319 2509 ante
1343 2477 1561 2508 ascensionem
1587 2475 1725 2506 Domini.
