2205 3025
383 151 436 178 151
615 145 708 170 ACTA
730 144 841 170 REGNI
862 143 1045 169 LUDEWICI
1066 143 1110 168 IV.
1132 142 1175 168 ET
1197 142 1379 168 FRIDERICI
1400 142 1446 167 ΙΙΙ.
1486 140 1559 167 1326.
1596 140 1644 167 Nr.
1658 141 1716 167 235.
1735 141 1794 168 236.

375 233 600 263 tabellionatus
625 231 720 261 officii
745 229 907 259 humiliter
932 228 1157 268 postulantem,
1183 228 1333 267 inquisita
1358 230 1389 257 et
1414 230 1576 267 comperta
1594 227 1739 263 veritate,
1765 227 1850 268 quod
1874 238 1935 258 non
1956 232 2025 259 erat

372 294 490 318 servus,
509 282 565 312 sed
580 285 647 312 erat
662 281 741 311 liber
758 281 853 310 homo
872 290 928 309 nec
946 280 976 309 in
990 279 1087 309 sacris
1105 278 1267 308 ordinibus
1280 279 1479 313 constitutus
1494 277 1631 308 eundem
1645 277 1851 309 Guilielmum
1866 279 2024 319 imperiali

374 334 564 365 anctoritate
583 343 643 373 qua
664 332 804 372 fungitur
820 331 850 361 in
868 330 927 360 hac
944 334 1033 370 parte
1052 332 1084 359 et
1101 340 1141 359 cx
1158 329 1280 360 indulto
1298 329 1357 359 sibi
1375 333 1407 359 et
1424 329 1531 360 domui
1549 339 1604 359 sue
1622 329 1662 359 ab
1680 329 1837 369 imperiali
1855 330 2023 360 maiestate

378 385 545 426 privilegio
564 384 695 424 speciali
713 382 874 423 publicum
900 386 932 412 ct
955 381 1151 411 autenticum
1168 381 1326 411 notarium
1352 380 1471 411 creavit
1495 384 1527 411 et
1551 380 1627 410 fecit
1643 381 1811 421 ipsumque
1836 381 1875 412 de
1900 385 1967 411 arte
1992 385 2023 412 et

373 436 477 466 ofticio
502 435 624 465 notarie
650 433 776 474 publice
802 432 964 474 operando
990 443 1046 473 per
1070 432 1227 473 pugillare
1253 436 1285 463 et
1309 433 1482 469 calamum,
1512 443 1591 473 quos
1616 433 1645 462 in
1670 432 1816 463 manibus
1846 433 1909 463 suis
1934 436 2023 463 tene-
2055 442 2066 460 5

372 487 436 519 bat,
463 486 640 516 liberaliter
665 485 834 515 investivit.
881 483 1059 514 Conferens
1084 487 1116 513 ct
1141 484 1319 514 concedens
1344 483 1449 514 eidem
1479 483 1607 524 plenam
1636 483 1799 514 licentiam
1828 487 1860 513 et
1889 483 2024 514 liberam

371 540 563 578 potestatem
583 536 771 566 conficiendi
797 535 916 576 ubique
942 545 998 575 per
1022 538 1123 565 totum
1141 535 1322 565 Romanum
1340 535 1507 575 imperium
1533 544 1626 565 omne
1651 534 1813 575 publicum
1835 535 2025 566 instrumen-

373 593 437 618 tum
463 598 638 628 omnesque
663 588 835 627 scripturas
861 590 892 616 et
916 589 1005 616 actus
1029 585 1070 616 ad
1095 585 1322 616 tabellionatus
1340 586 1479 616 officium
1505 587 1712 626 pertinentes,
1811 586 1873 621 Qui
1898 586 2026 626 quidem

372 639 562 669 Guiliclmus
587 638 713 678 prefato
740 638 868 668 domino
894 637 1001 667 comiti
1026 638 1154 667 nomine
1178 637 1315 667 Romani
1341 637 1467 678 imperii
1492 637 1658 677 recipienti
1688 647 1744 677 pro
1775 647 1808 667 se
1838 640 1870 667 et
1898 637 1960 667 illis
1984 637 2024 667 de

371 691 465 721 ‹lomo
497 700 553 720 sna
584 689 749 729 corporale
780 692 925 729 prestans
956 688 1119 719 fidelitatis
1149 688 1256 719 debite
1288 689 1500 719 iuramentum
1529 688 1645 718 iuravit
1672 688 1908 727 nichilominus,
1940 689 2025 729 quod
2046 696 2070 715 10

370 743 580 772 instrumenta
605 744 669 770 tam
695 740 824 781 publica
846 750 940 780 quam
966 739 1099 779 privata,
1125 749 1327 780 quecumque
1350 739 1538 770 iudiciorum
1564 742 1636 770 aeta
1660 750 1696 770 ac
1713 740 1817 770 onmia
1844 743 1875 770 et
1892 739 2026 780 singula,

371 804 432 834 que
458 792 516 822 sibi
543 802 583 822 ex
608 792 707 832 ipsius
732 791 826 821 officii
853 791 961 821 debito
986 790 1215 821 conscribenda
1232 795 1445 829 occurrerent,
1471 800 1548 831 pure
1574 793 1606 821 et
1628 790 1766 821 fideliter
1789 790 1916 829 scribet,
1941 791 2028 831 leget

371 849 403 875 ct
427 843 523 874 faciet
547 843 632 873 omni
657 843 807 880 t'alsitatc,
833 841 906 872 ‹lolo
932 846 964 872 ct
988 841 1099 872 fraude
1124 843 1254 872 remotis
1279 845 1310 873 et
1334 843 1364 872 in
1389 846 1476 872 carta
1500 841 1682 872 bombicina
1706 853 1762 873 seu
1787 841 1826 872 de
1850 852 1913 882 qua
1936 846 2027 873 vetus

371 896 527 935 scriptura
552 894 647 924 fuerit
671 894 785 924 abrasa
810 894 971 934 publicum
998 904 1059 923 non
1084 893 1230 924 conficiet
1254 895 1509 931 instrumentum,
1534 894 1710 924 sententias
1733 897 1765 924 et
1788 893 1872 923 (licta
1898 895 2026 924 testium

371 950 443 976 ante
470 950 594 986 tempus
612 955 797 975 concessum
815 945 931 975 nemini
951 944 1117 983 revelabit,
1143 945 1362 983 ecclesiarum,
1387 945 1612 984 orphanorum,
1637 944 1803 975 viduarum
1821 948 1852 975 et
1869 945 2025 975 minorum
2048 953 2070 972 ιδ

372 998 440 1027 iura
464 997 685 1027 manutenebit
708 1007 765 1036 pro
792 1006 885 1036 posse
911 1006 947 1026 ac
972 996 1077 1025 omnia
1096 995 1261 1026 exercebit
1278 995 1434 1036 legaliter,
1460 1005 1521 1036 que
1546 995 1586 1025 ad
1604 996 1783 1036 predictum
1800 995 2026 1027 tabellionatus

372 1049 510 1079 osticium
536 1048 749 1089 pertinebunt.

480 1099 515 1129 In
541 1100 629 1129 cuins
660 1099 703 1128 rci
733 1099 950 1129 testimoninm
980 1101 1011 1127 et
1040 1097 1133 1128 tidem
1164 1097 1340 1137 pleniorem
1368 1098 1607 1138 prenominatus
1635 1097 1781 1128 dominns
1805 1108 1913 1129 comes
1936 1108 2026 1129 man-

372 1150 458 1180 davit
490 1154 521 1180 et
549 1151 625 1180 t'ccit
655 1154 719 1181 tam
749 1160 843 1179 manu
874 1150 937 1179 mei
969 1150 1083 1179 notarii
1113 1149 1305 1189 infrascripti
1338 1159 1434 1189 quam
1465 1149 1559 1189 sigilli
1588 1149 1635 1179 sui
1664 1153 1846 1189 presentem
1875 1151 2025 1191 paginam

372 1202 545 1232 munimine
571 1201 722 1231 roborari.
2045 1212 2070 1230 20

524 1376 621 1419 23⁴5.
651 1376 749 1419 2:37.
793 1375 1114 1419 LITTERAE
1144 1373 1350 1419 REGIS
1380 1374 1759 1419 ARAGONUM
1788 1375 1879 1418 AD

546 1443 970 1488 FRIDERICUM
1004 1443 1079 1486 ET
1111 1443 1484 1487 ELIZABETH
1514 1441 1846 1487 REGINAM.

1046 1519 1152 1554 13026.
1190 1519 1276 1554 Dec.
1302 1519 1355 1553 11.

765 1630 846 1664 9236.
893 1630 1044 1663 Littrrm
1073 1631 1119 1662 ad
1147 1630 1373 1664 Fridericmn.
1482 1631 1560 1665 Dec.
1582 1631 1638 1664 11.

484 1703 580 1740 (Ἀρία
607 1713 657 1737 ιο.)
686 1702 718 1732 in
741 1701 896 1732 tabulario
920 1703 1001 1740 reglio
1018 1702 1251 1733 Barcimmcnsi
1267 1703 1455 1743 ‘Regye'strnm
1481 1714 1528 1733 m.
1549 1704 1624 1733 315Δ7
1648 1702 1700 1740 fol.
1719 1702 1769 1732 30.
1788 1720 1825 1724 ——
1844 1702 1904 1733 Ed.
1922 1702 2025 1733 Zeiss-
2044 1716 2068 1735 25

374 1754 443 1791 bera
468 1753 528 1783 loeo
552 1764 651 1791 snpra
674 1753 717 1783 (cd
739 1763 786 1782 ut:
806 1754 845 1782 71
871 1754 964 1784 citato
984 1764 1015 1791 Ρ.
1034 1756 1075 1783 &li
1098 1764 1146 1783 nr.
1165 1757 1205 1794 ιξέῗ
1229 1765 1266 1784 ca·
1290 1766 1316 1785 c.
1363 1755 1542 1785 Editioncm
1568 1755 1745 1792 repetimus.

485 1838 598 1868 illustri
626 1843 657 1868 ct
682 1838 851 1878 magnifico
870 1839 1003 1878 principi
1028 1838 1156 1869 domino
1176 1838 1348 1870 Frcdcrico
1366 1840 1426 1870 Dci
1450 1840 1558 1880 gracia
1574 1839 1791 1869 Romanorum
1816 1839 1883 1879 regi
1901 1848 2030 1879 semper

374 1893 511 1929 augusto
536 1889 600 1919 tilio
626 1889 715 1918 nobis
740 1889 907 1919 karissimo
998 1889 1134 1919 Iacobus
1158 1900 1216 1930 per
1242 1890 1376 1921 eandem
1403 1902 1458 1921 rex
1476 1891 1662 1930 Aragonum
1687 1894 1747 1919 etc.
1837 1890 1972 1920 salutem
1998 1894 2029 1920 et

374 1940 481 1970 felicia
506 1941 684 1970 votivorum
710 1950 911 1970 successuum
937 1941 1143 1970 incrementa.

482 1992 530 2021 Ex
556 1992 660 2022 missis
685 1992 813 2021 culmini
838 1995 944 2021 nostro
970 1991 1102 2022 litteris¹
1129 2003 1185 2032 pcr
1209 1993 1442 2023 serenissimam
1468 1993 1629 2023 dominam
1646 1992 1791 2023 Elizabet
1807 1992 2025 2022 Romanorum
2045 2004 2070 2023 30

374 2044 518 2083 reginam
543 2046 723 2073 consortem
749 2046 896 2079 vestram,
922 2043 1019 2072 filiam
1045 2047 1184 2073 nostram
1211 2044 1411 2074 karissimam
1438 2044 1639 2085 percepimus
1662 2043 1822 2073 infelicem
1847 2053 1955 2073 casum
1980 2044 2025 2073 in-

373 2094 531 2123 firmitatis
549 2093 742 2131 occulorum,
760 2104 821 2134 que
841 2093 943 2124 cidem
964 2095 1072 2133 regine
1090 2095 1171 2124 sicut
1187 2095 1257 2125 Deo
1275 2096 1394 2135 placuit
1411 2095 1603 2135 supervenit.
1649 2094 1690 2125 Et
1706 2094 1864 2135 siquidem
1882 2094 2027 2125 dolentes

376 2145 546 2185 plurimum
579 2145 617 2175 de
648 2148 711 2175 tam
737 2146 842 2185 gravis
866 2146 1056 2176 infirmitatis
1081 2150 1197 2176 eventu
1221 2157 1257 2176 ac
1281 2147 1366 2177 anxii
1392 2151 1423 2176 ct
1447 2147 1574 2177 solliciti
1604 2147 1779 2176 existentes
1807 2147 1889 2176 circa
1917 2156 2025 2176 curam

375 2196 518 2226 eiusdem
544 2196 650 2236 plures
677 2197 765 2237 regni
790 2197 888 2226 nostri
914 2198 1157 2227 convocavimus
1183 2197 1340 2233 medicos,
1372 2199 1577 2238 exquirentes
1606 2197 1630 2226 si
1660 2207 1754 2237 quem
1780 2197 1955 2237 poterimus
1979 2197 2025 2227 in-

375 2248 494 2278 venire.
521 2248 573 2287 qui
592 2247 662 2277 Deo
688 2248 828 2288 propicio
854 2249 954 2289 possit
978 2248 1037 2277 sibi
1061 2245 1172 2278 salutis
1196 2249 1372 2279 remedium
1391 2249 1556 2279 adhibere.
1602 2249 1646 2279 Ut
1670 2248 1765 2288 igitur
1789 2248 1878 2278 nobis
1895 2248 2026 2278 infirmi·
2046 2260 2070 2278 35

375 2299 446 2328 tatis
470 2302 585 2328 natura
611 2302 642 2328 ct
666 2299 849 2329 :iccidcncia
874 2300 987 2329 clarius
1013 2300 1228 2339 innotescant,
1258 2311 1327 2331 cum
1352 2302 1448 2330 misse
1474 2300 1565 2330 nobis
1588 2300 1694 2330 littere
1719 2310 1776 2339 per
1800 2299 1917 2328 dietam
1942 2298 2027 2338 regi-

376 2360 447 2379 nam
474 2349 566 2379 nobis
591 2350 805 2380 infirmitatem
832 2354 863 2380 et
887 2351 1068 2381 accidcncia
1094 2351 1152 2381 sub
1178 2351 1285 2381 nubilo
1311 2352 1516 2389 declararint,
1541 2351 1746 2381 serenitatem
1771 2353 1909 2380 vestram
1934 2359 2026 2390 roga-

375 2411 453 2437 mus,
480 2404 513 2430 nt
538 2401 705 2431 confestim
731 2402 934 2442 congregatis
959 2401 1118 2441 aliquibus
1142 2403 1284 2442 expertis
1307 2402 1440 2433 medicis
1464 2406 1495 2433 et
1520 2403 1630 2433 electis
1655 2402 1790 2432 discerni
1808 2401 1940 2433 faciatis,
1965 2411 2026 2441 quo

374 2452 414 2481 sit
438 2452 605 2482 infirmitas
630 2456 661 2482 ct
686 2456 798 2483 natura
822 2452 963 2482 eiusdem
990 2456 1020 2483 et
1045 2453 1120 2492 quid
1146 2454 1302 2483 extiment
1326 2464 1454 2484 causam
1472 2453 1598 2484 dedisse
1617 2453 1732 2484 eidem.
1779 2452 1819 2483 Et
1844 2452 1883 2482 de
1907 2451 1967 2482 hiis
1989 2462 2025 2481 ac

375 2502 414 2532 dc
440 2503 509 2532 :iliis
535 2503 678 2533 eiusdem
704 2504 894 2533 infirmitatis
919 2503 1136 2533 ata-identibns
1161 2515 1216 2534 nos
1241 2505 1325 2534 clarc
1350 2508 1381 2534 ct
1406 2505 1524 2545 liquide
1549 2515 1606 2545 per
1630 2507 1750 2534 vestras
1774 2504 1897 2534 litteras
1921 2503 2025 2533 velitis
2045 2515 2070 2532 ω

376 2553 512 2584 reddere
541 2555 713 2591 cerciores,
750 2558 784 2584 ut
815 2558 929 2584 extunc
962 2555 1118 2594 possimus
1147 2555 1239 2585 saluti
1269 2559 1445 2586 mentm-ate
1476 2557 1586 2596 regine
1616 2559 1689 2586 nate
1720 2561 1827 2585 nostre
1858 2555 2025 2585 karissime

375 2605 463 2635 utilia
488 2616 670 2645 procurare.
717 2605 765 2636 De
790 2606 859 2635 aliis
884 2610 991 2636 antem
1010 2606 1205 2636 excellencie
1223 2610 1329 2637 nostre
1354 2617 1370 2636 a
1396 2607 1639 2647 magnificencia
1656 2609 1761 2636 vestra
1779 2606 1945 2646 descriptis
1970 2616 2026 2645 per

374 2657 550 2696 Georgium
575 2657 723 2687 nuncium
750 2660 887 2686 vostrum
914 2657 1002 2687 robis
1033 2660 1173 2687 nostrum
1200 2657 1380 2687 curabimus
1405 2658 1641 2698 beneplacitum
1670 2657 1827 2698 apperire.
1874 2657 2024 2687 Ceterum

480 2750 502 2777 l)
523 2752 611 2782 Supra
635 2758 674 2775 Μ’.
693 2755 742 2775 ΙῌῙί,
