2205 3025
136 661 158 679 10

134 918 155 936 15

133 1173 157 1192 20

132 1623 156 1642 25

131 2017 156 2037 ³0

130 2529 158 2547 40

413 103 509 129 ACTA
530 103 642 132 REGNI
662 104 844 131 LL'DEWICI
866 105 911 130 IV.
932 105 977 132 ET
998 105 1179 131 FRIDERICI
1200 106 1247 131 Ill.
1287 106 1361 132 1327.
1399 106 1445 132 Nr.
1459 107 1517 133 362.
1537 107 1595 133 3623.
1769 110 1826 140 271

178 190 285 231 quisiti
310 192 465 230 perpetuo
491 190 628 220 tenearis
653 194 684 220 et
708 194 877 221 teneantur
902 191 1030 231 plenam
1052 194 1084 221 et
1101 192 1234 222 liberam
1259 191 1479 223 obedienciam
1506 193 1611 224 faeere
1629 196 1661 224 et
1685 194 1830 225 omnibus

178 241 293 272 nostris
316 240 474 270 mandatis
496 250 779 282 successorumque
804 246 984 272 nostrorum
1009 247 1041 273 et
1064 243 1144 273 sacri
1168 242 1305 273 Romani
1334 244 1458 284 imperii
1483 244 1583 275 libere
1608 245 1774 276 intendere
1799 250 1832 276 et

178 302 291 334 parere
327 295 359 322 et
391 292 497 322 omnia
532 296 639 322 nostra
670 292 822 323 mandata
858 294 1029 325 observare
1063 298 1094 325 ct
1125 294 1300 326 efficaciter
1333 296 1511 336 adimplere
1543 297 1633 327 iuxta
1666 308 1760 337 posse
1799 301 1831 328 et

178 343 360 375 executioni
385 342 546 373 mandare.

286 396 312 424 6.
340 393 514 424 Statuimus
549 395 645 424 etiam
681 397 713 424 et
741 396 944 430 mandamus,
986 398 1133 437 quatinus
1165 397 1251 428 nulla
1283 399 1407 437 civitas.
1439 399 1525 429 nulla
1557 400 1768 430 communitas
1798 404 1830 431 ct

178 445 372 487 generaliter
400 445 486 475 nulla
510 455 660 485 persona,
694 446 921 487 cuiuscumque
951 448 1141 478 conditionis
1166 452 1197 479 et
1225 450 1464 489 preeminencie
1489 461 1544 480 seu
1573 453 1673 481 status
1702 452 1829 487 existat.

177 497 250 527 huic
274 499 381 527 nostre
409 497 526 537 pagine
551 495 669 526 audeat
694 497 723 526 in
749 497 856 537 aliquo
882 501 990 528 contra
1014 498 1121 529 facere
1145 499 1197 529 vel
1220 501 1328 531 venire
1357 511 1413 531 seu
1438 504 1468 532 te
1494 505 1548 532 aut
1573 501 1733 542 predictos
1757 506 1829 533 tuos

179 557 379 579 successores
403 547 434 577 in
458 547 566 588 aliquo
590 547 762 577 molestare
781 547 819 578 de
845 548 914 587 hiis,
940 560 1001 589 quc
1027 560 1122 590 supra
1146 551 1202 581 tibi
1228 555 1259 582 et
1284 553 1328 582 eis
1345 562 1363 582 a
1380 555 1487 582 nostra
1512 553 1687 583 clemencia
1712 553 1828 584 libera-

176 600 248 630 liter
271 600 332 629 sint
356 599 483 629 collata.
522 598 554 629 Si
579 599 647 639 quis
672 602 778 629 autom
804 601 975 630 temerario
1001 611 1078 631 ausu
1097 603 1328 642 presumpserit
1352 604 1520 641 contraire,
1546 604 1631 634 mille
1650 615 1828 634 marcarum

178 651 245 682 auri
270 660 387 691 penam
411 650 551 680 incurrat
574 660 631 690 pro
657 649 785 680 dimidia
811 654 917 681 nostre
940 661 1066 682 camere
1084 653 1330 692 persolvendam
1349 657 1380 684 et
1397 665 1453 694 pro
1472 655 1534 684 alia
1552 654 1683 685 dimidia
1701 665 1828 686 camere

178 702 252 732 dicti
279 701 412 732 ducatus
438 704 469 731 et
493 700 735 735 vexilliferatus,
760 701 790 731 in
816 712 950 742 quorum
974 702 1184 742 preiudieium
1209 704 1329 744 aliquid
1354 705 1497 735 extiterit
1522 708 1761 746 attemptatum.

285 756 312 783 7.
339 752 459 788 Quibus
484 751 629 783 omnibus
654 755 687 782 et
710 753 841 793 singulis
871 753 1061 793 supradictis
1091 757 1189 784 testes
1220 755 1431 786 interfuerunt
1459 756 1651 796 infrascripti
1681 757 1829 788 videlicet

176 804 335 836 Rudolfus
361 804 425 834 dux
449 804 618 834 Bawariae
644 804 796 844 princeps
821 807 853 834 01
877 807 1008 844 patruus
1033 809 1140 835 noster
1164 805 1361 840 karissimus.
1387 807 1578 837 venerabilis
1603 808 1738 839 Iacobus
1763 809 1830 849 epi-

176 868 290 898 scopus
315 856 532 889 Castellanus,
566 855 758 886 venerabilis
786 855 885 886 frater
917 855 1080 886 Gerardus
1113 857 1283 897 episcopus
1318 857 1521 897 Alleriensis,
1550 858 1754 890 Hermannus
1787 859 1827 890 de

176 907 375 947 Lihtenberg
397 907 604 937 cancellarius
627 911 743 943 noster.
763 907 915 937 Albertus
932 907 1051 938 Humel
1070 907 1109 937 de
1126 908 1326 949 Lihtenbcrg
1346 909 1561 939 marescalcus
1578 913 1686 940 noster
1703 912 1827 945 fratres,

175 960 345 990 Heinricus
373 959 438 989 dux
467 958 506 988 de
531 958 731 992 Brunswich,
763 959 942 989 luulovicus
971 959 1035 989 dux
1067 958 1105 989 de
1131 959 1265 997 Tecch‘,
1290 960 1416 990 I'lricus
1446 961 1639 1001 lantgravius
1663 962 1826 999 Assacied.

173 1010 380 1042 Meinhardus
406 1013 438 1040 ct
462 1010 614 1040 Albertus
638 1010 753 1040 fratres
777 1010 911 1040 comites
935 1009 1186 1051 de()1·tenburg‚
1213 1011 1373 1041 Iohannes
1398 1022 1504 1042 comes
1522 1012 1636 1042 Moliuc
1662 1012 1763 1043 dictus
1788 1013 1827 1043 de

174 1063 389 1099 Ularomonte,
413 1061 618 1092 Herm-annus
643 1072 750 1091 comcs
775 1060 814 1091 (10
840 1061 963 1098 Castel7
988 1060 1214 1101 Eugelhardus
1239 1062 1278 1092 de
1306 1062 1492 1103 &Vinspcrg
1518 1063 1633 1093 Faeius
1657 1074 1762 1094 comes
1788 1064 1827 1094 de

175 1113 383 1153 Donomtico,
408 1113 587 1153 Raynerius
610 1113 717 1143 Iannis
742 1123 850 1143 comes
876 1113 913 1143 ‹lc
940 1113 1135 1143 Donoratico
1161 1116 1193 1143 et
1217 1113 1380 1143 Bandinus
1405 1124 1512 1144 comes
1538 1113 1576 1144 (le
1602 1113 1776 1146 Marciano.

283 1165 324 1195 Et
348 1164 387 1195 ad
412 1164 628 1205 predictorum
653 1165 794 1194 omnium
819 1164 1119 1195 corroborarionem
1146 1168 1177 1194 et
1200 1165 1417 1195 testimonium
1443 1170 1607 1205 presentes
1625 1166 1779 1196 conscribi
1798 1168 1830 1195 et

175 1216 278 1257 sigillo
302 1220 409 1247 nostre
434 1216 610 1246 maiestatis
634 1216 781 1246 iussimus
805 1216 1002 1246 communiri.

281 1268 369 1298 Datf·
386 1267 484 1300 Luce.
510 1267 616 1298 XVII.
635 1267 686 1297 die
712 1268 829 1297 mensis
853 1267 1038 1300 Novembr..
1064 1267 1241 1297 indiccione
1259 1268 1441 1300 undecima.
1467 1278 1548 1298 nmio
1574 1269 1702 1298 Domini
1727 1268 1830 1299 1111110-

174 1319 253 1349 simo
280 1319 504 1350 trecentesimo
530 1319 684 1359 vigesimo
709 1320 856 1359 septimo.
881 1319 971 1359 regni
995 1330 1070 1349 vero
1096 1319 1193 1349 nostri
1217 1330 1299 1350 anno
1325 1319 1562 1350 101110110011110.

231 1536 478 1580 363-374,
521 1534 833 1580 EIUSDEM
864 1535 1153 1580 SCRIPTA
1185 1535 1311 1580 PRO
1346 1536 1657 1581 DIVERSIS
1690 1537 1765 1581 ET

790 1605 959 1649 AU‘A
993 1605 1117 1648 VAR
1130 1604 1212 1648 IA.

354 1681 460 1716 1327.
502 1681 585 1716 Dec.
612 1681 822 1716 1.——13*2>'.
867 1681 1000 1716 12111.4.
1108 1682 1194 1716 Sine
1223 1682 1309 1716 dato
1339 1681 1653 1724 (1314—1327).

417 1793 501 1827 3133.
544 1792 717 1837 Scriptum
742 1804 808 1836 pro
839 1794 994 1827 (iactam)
1023 1792 1197 1837 Malpigsli.
1302 1794 1413 1827 13:37.
1455 1793 1536 1828 Dm.
1558 1795 1589 1827 1.

286 1864 446 1903 Oriyiamle
470 1867 541 1906 (or.)
575 1867 607 1897 in
637 1867 792 1897 tabulario
822 1867 903 1906 reglis»
928 1867 1057 1897 Pis-«220.
1106 1867 1304 1897 (hadalinum
1332 1878 1396 1898 uos.
1444 1867 1589 1907 Siglillum
1622 1868 1826 1898 desideratur.

177 1916 216 1947 [⁷2
239 1926 324 1947 2'6’2'80
347 1917 475 1957 ltl'lle'z‘ur:
499 1919 539 1955 Β.
564 1937 605 1940 -
628 1918 688 1949 Ed.
707 1918 928 1950 U‘z'vlcelmann
953 1918 1045 1949 ‘Acin
1069 1919 1193 1957 imperii
1216 1919 1349 1949 medita·
1374 1919 1419 1955 II,
1436 1921 1499 1949 305
1522 1929 1570 1949 m.
1588 1920 1649 1948 494
1673 1930 1710 1949 ex
1734 1930 1778 1949 or.

281 2002 481 2043 {Ludovicus
509 2004 572 2034 Dei
600 2005 721 2043 matie.
744 2005 962 2035 Romanorum
992 2015 1048 2035 rex
1076 2014 1205 2044 semper
1232 2008 1385 2045 augustus
1474 2005 1572 2035 nobili
1598 2005 1664 2034 viro
1689 2003 1826 2034 Gaitano

173 2052 329 2094 Malpiglii
354 2055 392 2085 de
418 2055 499 2085 Pisis
524 2056 672 2086 familiari
697 2067 753 2086 suo
779 2056 894 2086 dilecto
983 2056 1120 2096 gratiam
1144 2066 1234 2086 suam
1259 2060 1290 2086 et
1316 2066 1410 2086 omne
1436 2056 1562 2086 bonum.

280 2105 413 2146 Regalis
431 2107 645 2138 munificentie
670 2107 840 2138 clementia
864 2107 976 2137 fideles
993 2117 1066 2138 suos
1084 2110 1115 2137 et
1133 2107 1349 2138 benemeritos
1375 2108 1525 2148 prosequi
1544 2106 1641 2137 debet
1665 2105 1824 2136 favorabi-

174 2156 246 2187 liter
268 2157 298 2187 in
322 2158 433 2198 gratiis
457 2157 668 2189 conferendis.
708 2158 833 2189 Exinde
858 2159 943 2189 enini
960 2159 1100 2199 ipsorum
1126 2160 1247 2199 gratias
1273 2160 1512 2200 assequentium
1537 2161 1673 2199 augetur
1698 2157 1825 2187 devotio

175 2211 206 2238 et
230 2208 283 2238 alii
306 2208 347 2238 ad
376 2209 564 2240 fidelitatem
593 2214 624 2240 et
653 2210 857 2240 devotionem
887 2210 968 2241 sacri
992 2209 1131 2241 Romani
1161 2211 1286 2251 imperii
1316 2210 1497 2241 huiusmodi
1526 2209 1676 2249 exemplo
1705 2207 1827 2238 facilius

146 2273 155 2290 5
176 2263 413 2299 promoventur.
460 2261 564 2301 Igitur
586 2272 644 2292 nos
668 2261 906 2292 considerantes
935 2265 988 2292 tue
1014 2261 1192 2292 devotionis
1217 2266 1248 2292 et
1271 2261 1345 2292 fidei
1370 2262 1557 2302 puritatem,
1586 2271 1681 2300 quam
1706 2259 1745 2290 ad
1770 2269 1826 2289 nos

175 2313 207 2340 et
230 2310 410 2342 Romanum
438 2313 608 2353 imperium
637 2313 874 2353 presentialiter
902 2312 1002 2343 habes
1032 2316 1064 2343 et
1094 2316 1226 2343 actenus
1252 2313 1405 2351 habuisti,
1434 2312 1661 2352 premissorum
1686 2311 1825 2340 omnium

175 2361 430 2394 consideratione
455 2367 589 2404 pensata
617 2364 674 2394 tibi
706 2368 737 2395 et
767 2363 940 2394 heredibus
965 2365 1026 2394 tuis
1050 2374 1151 2404 usque
1180 2364 1221 2394 ad
1251 2368 1392 2394 nostrum
1424 2363 1661 2403 beneplacitum
1685 2366 1717 2392 ct
1745 2361 1826 2391 sacri

175 2411 312 2443 Romani
340 2414 465 2455 imperii
495 2418 634 2447 castrum
658 2416 859 2457 Campetrosi
887 2417 981 2446 situm
1011 2416 1042 2446 in
1073 2416 1216 2446 districtu
1240 2417 1345 2447 Masse
1374 2416 1549 2446 Marittime
1580 2425 1650 2444 cum
1680 2412 1824 2443 omnibus

176 2463 308 2503 iuribus,
333 2465 617 2507 iurisdictionibus⁷
647 2468 841 2505 hominibus„
872 2468 977 2508 aquis,
1006 2468 1145 2508 pascuis.
1175 2467 1275 2501 silvis*
1301 2466 1522 2498 venationibus
1547 2469 1579 2496 et
1602 2465 1671 2495 aliis
1695 2463 1823 2505 quibus-

176 2525 311 2556 cumque
336 2518 535 2556 pertinentiis
559 2519 623 2549 suis
640 2521 670 2549 in
694 2519 801 2550 nobile
826 2519 957 2550 feudum
982 2519 1186 2550 concedimus
1204 2523 1236 2549 et
1260 2519 1416 2550 donamus
1441 2522 1536 2558 teque
1555 2517 1593 2547 de
1613 2517 1696 2546 dicto
1721 2518 1823 2545 castro

176 2576 246 2596 cum
272 2569 417 2599 omnibus
447 2570 567 2601 iuribus
599 2574 630 2601 et
658 2571 929 2601 iurisdictionibus
957 2570 1148 2611 supradictis
1176 2571 1365 2601 auctoritate
1395 2570 1482 2610 regia
1512 2568 1705 2598 investimus.
1752 2566 1822 2596 Non

178 2616 326 2649 obstante
351 2620 459 2660 aliqua
483 2622 686 2652 concessione
712 2622 795 2652 facta
820 2621 860 2651 de
885 2625 988 2652 castro
1014 2621 1157 2661 predicto
1182 2622 1213 2651 in
1237 2621 1367 2652 feudum
1393 2620 1522 2651 abbatie
1547 2618 1654 2649 Sancti
1671 2617 1757 2647 Petri
1783 2616 1821 2645 dc

277 2711 342 2738 362.
370 2715 392 2746 c)
411 2715 510 2741 Tecclie
529 2714 553 2740 2.
643 2715 667 2746 d)
686 2716 721 2740 ita
742 2715 763 2740 1.
784 2715 807 2740 2.
895 2715 916 2744 e)
936 2715 1002 2739 Data
1022 2714 1047 2739 2.
