2205 3025
376 128 437 156 -)711
650 121 745 147 ΛίζἽᾺ
766 119 877 145 REGNI
899 118 1080 145 LUDEWICI
1100 117 1147 146 IV.
1167 118 1211 143 ET
1232 117 1411 144 FRIDERICI
1432 117 1479 143 111.
1517 117 1591 143 1327.
1628 117 1675 142 Nr.
1690 117 1747 143 362.

376 221 511 250 cumque
537 210 674 248 ipsarum
700 210 731 236 et
761 207 902 246 ipsorum
927 206 1137 236 existencimn
1162 203 1244 234 infra
1267 203 1428 244 predictas
1452 203 1612 242 dioceses,
1639 202 1777 233 confines
1801 205 1832 233 et
1856 203 1936 242 loca,
1961 215 2022 243 quc

377 262 405 290 in
424 259 602 290 huiusmodi
627 261 735 287 nostra
759 257 963 287 concessione
989 260 1020 287 et
1045 256 1216 286 donatione
1242 255 1299 286 sub
1324 256 1455 296 speciali
1473 259 1529 286 aut
1552 255 1695 295 generali
1712 254 1867 285 vocabulo
1893 258 2024 295 possunt

376 311 508 349 intelligi
542 312 595 340 aut
627 307 870 348 comprehendi,
901 318 962 348 que
987 308 1027 338 ad
1051 319 1108 338 nos
1133 311 1164 339 et
1187 307 1368 338 Romanum
1392 308 1561 348 imperium
1587 310 1734 347 spectare
1758 310 1938 336 noscuntur.
1984 307 2025 337 Et

376 363 419 392 sic
444 370 474 392 te
499 370 762 400 successoresque
788 363 858 390 tuos
883 370 923 389 ex
947 363 979 390 te
1003 360 1147 400 legitime
1172 358 1404 390 descendentes
1432 362 1466 389 ut
1494 358 1612 388 dietum
1642 361 1690 388 est
1717 368 1775 398 per
1798 357 1915 388 lineam
1939 369 2024 389 mas-

377 413 513 443 culinam
531 412 561 442 111
579 412 692 442 ducem
711 414 743 441 et
760 411 856 441 duces
874 410 1010 451 predicti
1027 411 1160 441 ducatus
1182 421 1251 441 eum
1270 409 1426 450 dignitate
1450 410 1564 440 illustri
1582 409 1729 449 eligimus
1747 412 1779 439 et
1795 410 2025 451 constituimus,

376 464 556 504 preficimus
574 467 605 493 et
619 473 774 493 creamus.
804 462 926 492 Dantes
943 465 975 492 et
987 461 1200 492 concedentes
1218 461 1274 492 tibi
1289 465 1321 492 et
1333 461 1568 492 suecessoribus
1585 461 1645 490 tuis
1658 460 1809 501 predictis
1826 461 1857 490 in
1871 463 2025 501 premisso

376 515 492 546 ducatu
511 515 725 555 plenissimam
745 517 777 544 et
793 513 926 544 liberam
945 513 1168 543 auctoritatem
1187 516 1219 543 et
1242 515 1436 553 potestatem
1458 511 1663 542 iurisdicendi
1687 522 1746 552 per
1769 515 1800 542 te
1818 515 1850 542 et
1867 523 1924 553 per
1947 513 2026 544 alios

377 577 412 597 ae
438 567 534 597 etiam
560 577 683 597 merum
707 568 739 595 et
760 566 894 595 mixtum
919 565 1104 605 imperium,
1130 568 1164 595 ut
1188 574 1340 595 exercere
1365 564 1474 595 valeas
1499 568 1531 594 et
1557 564 1685 594 valeant
1709 563 1807 603 gladii
1832 567 2025 604 potestatem

377 618 417 648 ad
441 617 760 648 animadvertendum
786 617 816 646 in
840 617 1037 647 facinorosos
1062 620 1094 646 et
1116 616 1226 646 malos.

486 670 512 699 3.
538 668 579 698 Et
595 672 629 698 ut
653 669 751 708 ipsius
776 668 908 698 ducatus
933 668 1088 708 dignitate
1107 671 1137 698 te
1156 671 1187 698 et
1205 667 1347 708 prefatos
1372 670 1444 697 tuos
1468 675 1668 697 successores
1692 676 1866 706 cognoscas
1890 667 2027 708 amplius

378 729 409 752 et.
433 720 640 751 favorabilius
668 719 861 750 liberalitate
886 720 975 759 regia
999 719 1178 755 sublimari,
1210 718 1266 749 tibi
1292 722 1324 749 et
1352 717 1588 748 suecessoribus
1619 717 1681 747 tuis
1713 717 1864 758 predictis
1895 728 1934 748 ex
1958 719 2028 759 ipsa

379 773 533 813 dignitate
558 771 692 801 ducatus
717 775 873 811 perpetuo
901 770 1043 801 decrevit
1068 773 1254 810 competere
1280 772 1387 800 nostra
1411 769 1565 800 serenitas
1589 769 1811 800 auctoritatem
1830 772 1862 799 et
1885 773 2026 810 potesta-

378 828 442 855 tem
469 822 595 854 creandi
629 826 661 852 et
689 822 855 852 ordinandi
887 825 1043 863 perpetuo
1068 822 1118 852 vel
1148 822 1187 852 ad
1220 824 1359 862 tempus,
1392 824 1486 861 prout
1516 820 1605 850 vobis
1635 821 1805 860 placuerit,
1837 821 1867 850 in
1896 821 2028 862 singulis

379 875 573 913 civitatibus,
599 875 723 909 castris,
749 874 867 914 opidis,
892 874 974 904 villis
999 877 1031 903 et
1055 874 1146 904 terris
1171 873 1249 903 dicti
1274 872 1407 903 ducatus
1434 872 1583 911 vicarios,
1613 872 1812 912 capitaneos,
1840 875 2028 913 potestates,

378 926 498 957 iudices
523 936 579 956 seu
603 928 743 955 rectores
765 928 797 955 et
821 925 982 965 quoslibet
1006 925 1183 955 ordinarias
1207 925 1412 965 magistratus
1429 923 1480 954 vel
1505 923 1601 954 etiam
1626 923 1792 964 delegatos
1810 927 1841 954 et
1858 934 2026 964 quoscum-

379 988 440 1019 que
468 978 606 1008 honores
631 980 663 1007 et
693 976 848 1006 honorum
880 976 980 1006 offitia
1011 987 1082 1007 cum
1114 976 1305 1006 auctoritate
1331 978 1363 1005 et
1394 977 1554 1015 potestate
1586 974 1790 1005 iurisdieendi
1823 978 1854 1005 et
1884 986 1972 1007 mero
1998 979 2029 1007 et

379 1030 479 1060 mixto
504 1028 652 1068 imperio,
682 1031 800 1058 statuta
824 1028 1029 1068 municipalia
1053 1026 1227 1062 condendi,
1258 1026 1420 1057 statuendi
1445 1029 1476 1056 et
1500 1025 1695 1056 decernendi
1719 1026 1777 1056 iuri
1803 1026 1907 1057 divino
1933 1031 2029 1067 atque

380 1081 517 1111 naturali
542 1090 603 1110 non
628 1080 800 1115 contraria,
833 1083 926 1120 prout
950 1079 1079 1109 utilitati
1105 1082 1137 1109 et
1162 1079 1293 1119 pacifico
1319 1078 1416 1108 statui
1448 1077 1602 1118 expedire
1629 1077 1771 1107 videritis
1802 1077 2027 1109 subiectorum.

380 1132 430 1163 Ad
461 1131 519 1162 hee
550 1141 677 1172 quoque
708 1131 738 1161 in
768 1131 913 1171 predicto
944 1134 998 1161 tuo
1030 1130 1147 1161 ducatu
1180 1131 1309 1160 flumina
1340 1129 1534 1170 navigabilia
1565 1132 1597 1159 et
1626 1139 1665 1159 ex
1690 1128 1805 1169 quibus
1836 1129 2031 1170 navigabilia

380 1184 467 1220 tiunt,
493 1186 616 1223 portus,
648 1182 795 1223 pragiasb
819 1183 899 1212 sieut
922 1193 1002 1212 nune
1027 1182 1200 1212 dinosceris
1224 1181 1402 1222 possidere,
1435 1181 1520 1221 ripas
1551 1184 1583 1211 et
1613 1181 1747 1221 ripatiea
1777 1191 1900 1211 necnon
1930 1183 2029 1212 veeti-

380 1234 479 1274 galia.
505 1235 664 1267 thelonea,
690 1234 757 1264 auri
783 1236 814 1264 et
837 1235 962 1274 argenti
987 1237 1018 1263 et
1046 1234 1250 1263 metallorum
1279 1233 1419 1263 omnium
1445 1235 1592 1273 questum
1617 1243 1699 1263 nune
1722 1232 1814 1263 nobis
1839 1236 1871 1263 et
1894 1233 2029 1274 imperio

381 1286 578 1326 p12=rtinencia
596 1286 651 1315 tibi
676 1286 801 1326 tuisque
826 1285 1063 1315 successoribus
1088 1285 1291 1315 concedimus
1316 1288 1347 1315 et
1372 1284 1528 1314 donamus
1545 1294 1582 1314 ac
1606 1287 1735 1314 monete
1753 1287 1817 1314 tam
1842 1285 1911 1314 auri
1935 1295 2030 1325 quam

382 1338 505 1377 argenti
531 1341 561 1367 et
587 1338 648 1366 eris
673 1336 818 1367 eudendo
850 1337 923 1366 iusti
948 1341 979 1367 et
1003 1337 1079 1367 recti
1109 1336 1260 1376 ponderis
1284 1337 1313 1366 in
1338 1336 1407 1376 ipso
1432 1340 1486 1366 tuo
1511 1335 1628 1366 ducatu
1653 1335 1707 1365 tibi
1734 1339 1766 1365 et
1794 1336 1945 1376 predictis
1970 1336 2031 1366 tuis

382 1388 617 1418 suecessoribus
647 1389 785 1428 presenti
816 1388 981 1428 privilegio
1012 1388 1198 1418 facultatem
1234 1387 1368 1418 liberam
1402 1386 1621 1428 indulgemus,
1655 1392 1687 1417 et
1714 1386 1810 1417 feuda
1838 1387 1969 1428 antiqua
2001 1391 2033 1418 et

382 1449 478 1477 nova,
509 1442 594 1469 recta
620 1442 651 1469 et
675 1439 796 1479 regalia
826 1439 1010 1469 conferendi
1044 1442 1076 1469 et
1104 1438 1287 1470 infeodandi
1318 1439 1458 1469 vasallos
1482 1439 1608 1479 imperii
1633 1438 1672 1468 de
1697 1438 1815 1475 feodis,
1846 1449 1907 1478 que
1936 1449 2032 1469 manu

381 1492 430 1521 vel
457 1501 510 1520 ore
536 1494 589 1521 aut
614 1501 815 1531 <piceumque
839 1491 902 1521 alio
931 1491 1027 1521 modo
1059 1492 1175 1521 fuerint
1204 1491 1413 1527 eonferenda,
1440 1494 1471 1521 et
1502 1489 1678 1530 reeipiendi
1703 1500 1722 1519 a
1746 1490 1874 1520 vasallis
1906 1491 2033 1531 imperii

382 1542 546 1572 fidelitatis
571 1546 603 1572 et
630 1542 771 1582 homagii
801 1546 1016 1576 sacranmnta„
1046 1543 1235 1573 muletarum
1261 1546 1292 1572 et
1322 1552 1476 1583 penarum
1506 1541 1697 1581 compendia
1722 1544 1754 1571 et
1785 1542 2033 1572 confiscaciones

382 1593 536 1623 benorum
563 1597 594 1623 et
619 1601 726 1624 cetera
751 1605 811 1634 que
837 1594 984 1624 dicuntur
1008 1594 1130 1634 regalia
1147 1594 1177 1624 in
1195 1595 1263 1634 ipso
1289 1593 1405 1624 ducatu
1423 1593 1464 1623 ad
1490 1597 1577 1623 tuum
1595 1596 1627 1623 et
1651 1592 1887 1632 sepedictorum
1906 1596 2032 1624 tuorum

384 1655 601 1675 successorum
627 1645 853 1685 compendium
878 1646 1023 1676 volumus
1048 1646 1218 1686 pertinere.
1266 1645 1384 1676 Milites
1409 1655 1536 1686 quoque
1566 1645 1594 1674 in
1626 1645 1710 1674 dicto
1735 1643 1853 1674 ducatu
1879 1648 1910 1675 et
1942 1648 2033 1675 extra

383 1696 593 1726 constituendi
613 1700 643 1726 et
660 1697 786 1727 militari
806 1697 931 1737 cingulo
951 1697 1124 1728 decorandi
1142 1701 1173 1727 et
1191 1697 1311 1727 iudices
1329 1697 1506 1726 ordinarios
1530 1699 1562 1727 et
1584 1696 1724 1726 notarios
1741 1695 1886 1736 publicos
1904 1696 2030 1726 creandi

383 1750 416 1777 et
440 1747 605 1777 ordinandi
631 1758 667 1778 ae
692 1748 894 1781 ‹·‹2›nti(·iendi.
923 1749 1004 1778 filios
1034 1752 1066 1779 et
1094 1749 1175 1778 filias
1205 1749 1366 1779 naturales
1395 1752 1459 1779 tam
1491 1748 1615 1788 spurios
1640 1759 1734 1788 quam
1759 1747 1854 1787 vulgo
1880 1748 2032 1788 quesitas,

383 1810 423 1829 ex
448 1799 643 1838 dampnabili
674 1801 757 1829 coitu
783 1804 874 1830 natos
898 1800 1097 1841 legitimandi
1123 1807 1154 1831 et
1179 1811 1248 1831 eum
1274 1801 1350 1841 ipsis
1374 1810 1470 1840 super
1494 1799 1621 1829 defectu
1647 1799 1791 1839 quolibet
1815 1799 2031 1839 dispensandi.

490 1853 517 1879 4.
550 1850 589 1879 Ut
616 1854 722 1881 tamen
752 1862 809 1891 pro
835 1852 969 1885 honore,
1002 1863 1097 1893 quem
1127 1851 1183 1882 tibi
1212 1852 1348 1882 libenter
1378 1851 1569 1886 addicimus,
1600 1849 1721 1880 nullum
1751 1851 1797 1880 ius
1827 1850 2034 1880 subtrahatur

383 1901 606 1931 obedientibus
625 1906 656 1932 et
683 1902 858 1933 obedituris
875 1903 966 1933 nobis
985 1907 1016 1933 et
1040 1904 1174 1943 imperio
1193 1904 1223 1933 in
1248 1913 1358 1934 eorum
1383 1902 1475 1933 bonis
1500 1906 1532 1932 et
1557 1902 1671 1939 feudis,
1696 1902 1765 1932 iura
1783 1905 1889 1933 tamen
1907 1902 2033 1942 imperii

384 1958 569 1983 remmieant
594 1953 720 1984 ducatui
747 1954 929 1994 supradicto
953 1959 984 1985 et
1009 1955 1093 1995 quod
1116 1956 1144 1985 in
1171 1955 1333 1995 premissis
1359 1954 1475 1984 ducatu
1498 1957 1529 1984 et
1546 1953 1761 1983 vexilliferatu
1787 1963 1914 1993 semper
1930 1954 2034 1984 maior

383 2007 458 2034 natu
482 2014 537 2033 seu
562 2005 667 2034 senior
692 2015 731 2035 ex
757 2007 964 2045 generatisnie
990 2009 1043 2037 tua
1067 2017 1106 2037 ex
1133 2010 1163 2037 te
1189 2010 1221 2037 et
1244 2005 1480 2036 suecessoribus
1504 2006 1565 2035 tuis
1583 2005 1726 2045 legitime
1752 2004 2031 2040 descendentibus,

384 2055 520 2086 exclusis
545 2056 614 2085 aliis
638 2056 810 2087 heredibus
834 2058 1007 2088 minoribus
1032 2062 1122 2097 natu,
1155 2058 1240 2088 solus
1270 2058 1300 2088 in
1330 2062 1429 2088 totum
1455 2056 1613 2087 succedat.
1658 2055 1699 2086 Et
1723 2060 1854 2096 propter
1878 2057 2033 2096 premissa

384 2107 489 2136 onmia
515 2111 544 2137 te
570 2118 624 2147 pro
650 2112 681 2137 te
707 2109 774 2148 ipso
792 2112 823 2139 et
840 2120 896 2149 pro
916 2109 1007 2139 dictis
1025 2109 1260 2139 successoribus
1285 2110 1345 2139 tuis
1369 2108 1458 2139 nobis
1482 2119 1539 2149 pro
1565 2107 1654 2138 nobis
1678 2108 1754 2148 ipsis
1779 2107 2032 2138 successoribus-

384 2168 445 2198 que
470 2159 585 2187 nostris
609 2158 793 2199 homagium
819 2164 850 2189 et
874 2160 1037 2190 fidelitatis
1062 2160 1170 2190 debite
1199 2161 1411 2191 iuramentum
1436 2163 1631 2200 prestantem
1658 2159 1697 2189 de
1726 2159 1888 2199 premissis
1916 2158 2033 2189 ducatu

386 2213 416 2239 et
440 2209 655 2239 vexillit'eratu
680 2221 737 2250 per
761 2215 921 2251 sceptrum
946 2212 1187 2252 presencialiter
1210 2212 1405 2241 investimus.

493 2263 520 2289 5.
550 2260 650 2290 Porro
678 2263 783 2291 omnm
808 2267 840 2292 et
864 2263 988 2303 singula
1013 2263 1197 2303 supradicta
1223 2263 1329 2294 valere
1355 2267 1387 2293 et
1410 2266 1520 2293 tenere
1544 2262 1690 2292 volumus
1715 2264 1746 2292 et
1770 2262 1945 2297 firmamus,
1971 2272 2032 2291 non

387 2311 531 2342 obstante
550 2312 655 2352 aliqua
672 2313 754 2353 lege.
779 2314 1008 2344 consuetudine
1025 2318 1079 2344 aut
1096 2315 1172 2346 iure.
1192 2314 1305 2355 quibus
1323 2315 1514 2345 contrarium
1533 2316 1710 2344 caveretur.
1748 2313 1870 2348 Quibus
1888 2312 2033 2343 omnibus

387 2366 419 2393 et
447 2363 578 2403 singulis
610 2365 794 2403 specialiter
824 2368 856 2395 et
880 2376 1047 2405 expresse,
1079 2370 1243 2406 tamquam
1275 2366 1460 2396 nominatim
1492 2365 1531 2395 de
1556 2365 1617 2394 illis
1642 2365 1672 2394 in
1701 2365 1840 2404 presenti
1866 2364 2032 2404 privilegio

387 2414 477 2444 tieret
501 2415 635 2450 mentio,
666 2425 735 2445 esse
766 2416 957 2446 intendimus
988 2421 1019 2447 et
1051 2417 1169 2447 debeat
1194 2417 1383 2457 derogatum
1408 2421 1440 2447 et
1468 2417 1632 2457 potissime
1662 2416 1719 2446 iuri
1749 2419 1781 2446 et
1810 2415 2033 2446 consuetudini

386 2475 448 2505 quo
466 2468 574 2505 etqua
602 2470 768 2497 caveretur
793 2478 848 2497 seu
872 2472 998 2498 cautum
1024 2468 1192 2507 diceretur,
1218 2469 1302 2508 quod
1328 2468 1420 2499 heres
1441 2469 1471 2498 in
1495 2468 1622 2506 ducatu,
1647 2468 1799 2498 comitatu
1817 2467 1866 2497 vel
1890 2467 2032 2497 marchia

387 2516 472 2546 nullo
491 2516 586 2546 modo
611 2518 770 2553 succedat,
796 2519 852 2548 nisi
878 2518 918 2548 ab
940 2519 1133 2559 imperatore
1160 2520 1344 2560 acquisierit
1360 2530 1417 2560 per
1440 2519 1670 2555 investituram,
1696 2521 1848 2559 quantum
1865 2518 1904 2548 ad
1924 2528 2031 2549 casum

386 2572 581 2607 presentem.
613 2568 643 2598 in
673 2569 742 2599 aliis
767 2580 840 2600 vero
871 2570 996 2600 casibus
1021 2571 1049 2600 in
1075 2581 1130 2600 suo
1161 2571 1276 2601 robore
1307 2581 1433 2611 semper
1458 2570 1581 2600 durent.
1627 2569 1676 2599 Ita
1699 2573 1806 2600 tamen
1832 2569 1917 2610 quod
1942 2572 1975 2599 tu
2001 2571 2033 2599 et

386 2629 585 2649 successores
610 2620 653 2649 tui
678 2620 768 2650 nobis
793 2624 823 2650 et
848 2621 1083 2651 successoribus
1107 2623 1221 2651 nostris
1246 2626 1277 2652 et
1302 2632 1391 2652 sacro
1416 2621 1562 2652 Romano
1587 2621 1721 2661 imperio
1746 2620 1914 2660 requisitus
1933 2623 1964 2650 et
1982 2629 2031 2650 re-

491 2728 556 2754 3ίῖ2.
586 2729 608 2756 ¹¹)
629 2732 662 2755 ι’[ιι
683 2732 705 2755 1.
719 2731 742 2755 ’3.

2048 684 2070 701 10

2048 936 2071 954 15

2049 1191 2072 1209 20

2051 1449 2075 1467 25

2053 1707 2077 1725 30

2052 1963 2076 1980 35

2051 2220 2076 2238 40

2053 2478 2078 2495 45
