2205 3025
358 133 420 160 ,με
598 126 693 152 ACTA
712 123 823 150 REGNI
844 122 1026 148 LUDEWlCl
1047 122 1092 147 IV.
1112 121 1157 147 ET
1177 120 1361 147 FRIDERICI
1380 121 1428 146 ΙΙΙ.
1467 120 1541 146 1329.
1578 119 1625 146 Nr.
1640 120 1697 146 586.
1716 120 1774 146 537.

359 221 618 263 pr<muratoribus
643 223 674 250 ct
697 219 817 249 nunciis
841 216 1033 258 specialibus
1058 216 1261 253 clericorum,
1294 215 1516 256 religiosorum
1542 219 1573 246 et
1597 215 1805 254 secularium,
1835 215 2009 253 consulum,

359 275 520 313 laycorum
550 282 586 302 ac
615 271 832 301 universarum
864 269 1071 309 singularium
1103 278 1310 308 personarum
1339 267 1438 308 ipsius
1469 267 1571 307 opidi,
1602 266 1794 297 habentibus
1825 266 1881 297 sub
1906 266 2009 307 sigillo

359 324 433 355 dicti
458 322 543 363 opidi
568 321 753 352 mandatum
778 320 939 350 sufficiens
964 323 995 350 et
1023 319 1162 359 speciale
1188 318 1293 359 quoad
1322 317 1498 358 petendum
1529 317 1769 348 absolucionem
1797 328 1815 348 a
1844 318 2010 348 sententiis

359 383 389 404 vt
414 375 503 414 penis
527 374 556 403 in
583 383 637 403 eos
662 383 719 413 per
736 372 899 402 dominum
924 374 1065 401 nostrum
1091 381 1250 400 summum
1274 370 1457 411 pontificem
1481 369 1554 399 latis
1578 373 1611 400 et
1634 369 1672 399 ad
1698 368 1880 399 faciendum
1906 369 2011 399 omnia

359 437 396 455 ea
420 435 481 465 que
511 425 540 455 in
566 424 709 464 predicto
735 423 888 463 rescripto
913 421 1090 462 apostolico
1116 422 1317 452 continentur
1345 424 1378 451 et
1401 420 1442 450 ad
1467 431 1500 451 se
1526 420 1732 461 obligandum
1757 431 1813 451 suo
1839 424 1870 451 et
1894 421 2010 450 consti-

359 477 511 507 tuentium
537 476 664 505 nominc
690 474 730 505 ad
755 485 793 505 ea
829 484 889 515 que
920 474 965 504 eis
993 484 1051 513 per
1082 484 1139 503 nos
1167 473 1307 503 iniuncta
1332 472 1449 502 fuerint
1474 471 1695 512 adimplenda,
1728 471 1913 512 eisdemque
1939 482 2010 512 pro-

358 527 557 558 curatoribus
581 537 637 556 suo
662 529 693 556 et
718 537 780 567 quo
805 535 901 566 supra
925 525 1052 555 nomine
1070 524 1305 555 absolutionem
1330 526 1361 554 et
1378 524 1610 554 relaxationem
1635 534 1654 553 a
1677 523 1842 554 sententiis
1867 526 1899 554 et
1922 523 2012 563 penis

358 579 548 620 supradietis
579 577 742 608 humiliter
773 577 955 618 petentibus
984 581 1015 606 et
1046 576 1176 609 devote,
1217 586 1274 606 nos
1303 575 1412 606 habito
1442 575 1694 615 iurisperitorum
1726 578 1758 605 et
1788 574 2012 615 religiosorum

358 630 487 661 consilio
514 629 553 660 de
577 632 664 659 motu
690 633 721 659 et
746 629 920 659 intentione
947 653 977 658 ..
1003 627 1213 668 opidanorum
1240 627 1314 657 dicti
1345 626 1433 667 opidi
1457 627 1612 656 maiorum
1639 630 1671 656 et
1695 627 1853 656 minorum
1877 626 2012 656 sollicite

358 682 566 722 inquirentes,
604 681 678 721 quia
709 680 794 720 ipsos
823 679 862 710 de
896 680 1073 710 commissis
1104 689 1161 719 per
1189 689 1257 714 eos,
1293 677 1469 709 adhesione
1502 677 1653 708 videlicet
1683 677 1849 708 Ludowici
1876 677 2012 718 predicti

357 743 432 763 vere.
462 733 638 763 invenimus
666 732 861 772 penitentes.
889 731 929 761 ab
960 730 1081 761 eisdem
1113 733 1249 770 quatuor
1280 729 1537 770 procuratoribus
1568 740 1625 759 suo
1658 733 1689 759 et
1717 729 1852 760 aliorum
1884 729 2011 759 nomine

357 784 536 814 cautionem
562 784 750 824 recepimus,
777 782 861 823 quod
887 794 905 813 a
928 783 1038 812 favore
1064 786 1096 812 et
1120 781 1295 812 adhesione
1322 781 1458 821 predicti
1476 781 1639 811 Ludowici
1657 781 1848 811 destiterunt
1872 784 1903 811 et
1928 780 2011 811 desi—

358 839 451 872 stent,
476 835 516 865 ad
542 834 673 865 eosdem
698 834 782 864 nullo
808 844 959 874 umquam
985 836 1129 874 tempore
1155 833 1321 863 reversuri.
1367 832 1409 862 Et
1433 832 1518 873 quod
1543 833 1573 862 in
1598 832 1722 872 signum
1739 842 1814 863 vere
1832 832 2012 873 penitencie

270 888 387 916 {main
419 887 556 917 crastino
585 886 790 916 Ascensionis
819 885 978 916 dominice
1010 885 1175 915 universus
1208 885 1311 915 clerus
1346 883 1499 914 secularis
1535 887 1566 914 et
1601 884 1770 924 religiosus
1805 894 1841 914 ac
1876 883 2013 924 populus

358 939 520 979 utriusque
545 948 640 968 sexus
665 937 740 968 dicti
765 936 851 977 opidi
876 947 947 967 cum
972 947 1065 967 cruce
1095 940 1127 966 et
1151 936 1293 976 reliquiis
1317 934 1402 966 idem
1428 935 1559 976 opidum
1585 945 1656 965 eum
1682 935 1860 966 devotionis
1884 935 2011 965 humili-

359 994 424 1020 tate
454 994 486 1019 et
510 989 707 1019 orationibus
737 988 914 1019 circuibunt
943 992 975 1018 et
999 991 1112 1028 postea
1143 988 1174 1017 in
1204 986 1340 1017 ecclesia
1369 986 1560 1027 parrochiali
1591 987 1781 1017 convenient
1810 987 1939 1016 missam
1973 985 2013 1016 de

269 1048 343 1068 iuste.
358 1041 453 1071 beata
466 1041 598 1081 Virgine
616 1040 810 1071 celebraturi
835 1044 867 1070 et
891 1039 1054 1069 humiliter
1071 1038 1218 1069 audituri.
1259 1037 1299 1068 Et
1317 1037 1402 1078 quod
1427 1042 1540 1078 postea
1564 1038 1646 1068 infra
1670 1042 1814 1068 octavam
1840 1041 1926 1068 certo
1952 1037 2013 1075 die,

359 1102 454 1133 quem
481 1096 552 1122 tunc
576 1091 702 1133 publice
724 1091 928 1125 nuuciabunt,
954 1091 1100 1121 omnibus
1125 1089 1319 1130 pauperibus
1344 1090 1491 1129 accipere
1509 1089 1688 1119 volentibus
1712 1089 1818 1130 largas
1847 1099 1919 1119 suas
1948 1089 2013 1120 ele-

358 1145 496 1174 mosinas
520 1143 604 1184 quod
623 1144 717 1184 vulgo
736 1144 806 1173 eine
832 1143 952 1183 sponde
971 1142 1085 1172 dicitur
1102 1141 1278 1182 largientur
1296 1151 1451 1181 suumque
1468 1141 1595 1181 publice
1613 1144 1845 1181 recognoscent
1862 1150 2013 1171 errorem.

359 1195 428 1230 Quo
454 1194 538 1225 facto
569 1198 599 1225 et
628 1205 684 1234 per
715 1194 816 1224 dictos
841 1197 976 1234 quatuor
1000 1205 1062 1234 quo
1087 1204 1183 1233 supra
1207 1193 1335 1223 nomine
1361 1193 1531 1233 promisso.
1564 1203 1620 1223 nos
1653 1192 1783 1223 eosdem
1813 1196 1949 1233 quatuor
1977 1202 2014 1223 ac

358 1247 522 1276 universos
547 1271 552 1275 .
573 1271 578 1275 .
604 1246 734 1284 clerum,
762 1271 791 1278 .,
818 1246 971 1286 populum
997 1250 1029 1275 et
1054 1270 1084 1274 ..
1111 1244 1290 1285 singulares
1321 1255 1474 1285 personas
1504 1244 1544 1274 ab
1573 1245 1728 1274 universis
1759 1245 2013 1284 suspensionum.

360 1298 725 1328 excomnnlnicationum
756 1300 788 1327 et
815 1296 1057 1327 interdictorum
1089 1300 1121 1326 et
1144 1296 1278 1326 aliarum
1304 1306 1579 1336 quarumcumque
1604 1306 1759 1336 penarum
1791 1296 1955 1326 sententiis
1983 1295 2014 1325 iu

360 1359 414 1379 eos
439 1348 522 1379 dicte
548 1348 730 1379 adhc-sionis
748 1348 870 1378 ratione
895 1348 1026 1388 prolatis
1050 1347 1225 1377 innomine
1244 1347 1373 1377 Domini
1398 1347 1593 1377 absolvimus
1617 1348 1647 1377 iu
1673 1347 1732 1377 hiis
1757 1347 1892 1387 scriptis,
1916 1347 2014 1376 inter-

360 1400 452 1430 dictis
484 1403 515 1429 ct
545 1400 699 1430 universis
729 1399 1025 1440 aggravationibus,
1059 1399 1083 1428 si
1113 1402 1221 1429 secute
1250 1402 1336 1430 sunt.
1368 1398 1531 1428 relaxatis,
1645 1398 1802 1433 Quocirca
1831 1398 2013 1428 discretioni

362 1455 464 1482 vestre
489 1454 598 1481 tenore
617 1452 810 1491 presentium
835 1451 1062 1481 committimus
1087 1453 1119 1480 et
1136 1449 1333 1481 mandamus.
1360 1450 1507 1490 quatinus
1531 1450 1637 1480 statim
1663 1450 1735 1479 visis
1760 1449 1960 1489 presentibus
1978 1449 2013 1479 in

268 1508 344 1528 καῖ-’.4
361 1503 444 1532 dicto
470 1502 565 1542 opido
591 1503 771 1532 convocetis
795 1525 825 1532 ..
852 1502 970 1532 clerum
996 1504 1028 1531 ct
1046 1526 1050 1530 .
1070 1525 1075 1530 .
1095 1501 1247 1541 populum
1273 1501 1463 1538 universum,
1489 1505 1522 1531 ut
1547 1500 1630 1531 dicto
1656 1501 1707 1530 die
1732 1501 1854 1531 scilicet
1878 1501 2013 1531 crastino

362 1554 566 1584 Ascensionis
604 1564 697 1583 mane
738 1554 766 1583 in
802 1553 981 1583 humilitate
1018 1551 1121 1582 cordis
1152 1552 1259 1582 omnia
1293 1562 1354 1592 que
1390 1552 1566 1592 prescripta
1602 1556 1674 1582 sunt
1709 1553 1868 1592 peracturi
1905 1553 2014 1592 eisque

361 1606 495 1645 gratiam
522 1608 552 1635 et
576 1605 810 1635 absolutionem
836 1616 853 1634 a
878 1604 1006 1634 domino
1031 1607 1138 1633 nostro
1166 1630 1169 1633 .
1190 1628 1194 1633 .
1215 1613 1338 1633 summo
1357 1603 1504 1643 pontifice
1523 1607 1555 1633 et
1572 1603 1661 1633 nobis
1680 1603 1797 1634 factam
1816 1614 1872 1644 per
1891 1629 1895 1634 .
1916 1630 1922 1636 .
1940 1604 2014 1634 reli-

360 1658 483 1697 giosum
508 1657 646 1696 aliquem
673 1664 852 1697 expertum,
877 1656 1030 1685 scientem
1056 1665 1111 1685 eos
1136 1654 1176 1684 ad
1195 1654 1411 1684 obedientiam
1438 1659 1545 1685 sancte
1565 1654 1708 1685 Romane
1735 1655 1870 1685 ecclesie
1895 1655 2014 1685 facien-

361 1708 434 1738 dam
459 1707 619 1740 inducere.
646 1708 761 1748 exponi
792 1707 917 1747 publice
942 1706 1066 1737 faciatis
1095 1717 1131 1736 ac
1159 1708 1232 1736 ante
1258 1706 1494 1736 inchoationem
1525 1707 1619 1736 misse
1650 1707 1736 1746 ipsos
1764 1710 1797 1736 ut
1821 1707 2015 1747 premittitur

361 1759 523 1789 absolutos
552 1762 584 1789 et
611 1759 780 1789 interdicta
805 1759 949 1788 relaxata
979 1757 1105 1797 publice
1136 1757 1302 1787 nuncietis.
1349 1757 1540 1787 Intimantes
1571 1758 1717 1788 omnihus
1746 1759 1859 1788 vestris
1885 1782 1914 1788 ..
1940 1757 2014 1787 sub-

318 1822 323 1828 ’
362 1810 435 1840 ditis
459 1810 539 1841 hunc
563 1810 797 1840 absolutionem
814 1813 954 1839 nostram
980 1808 1020 1838 ad
1047 1818 1111 1843 eos,
1137 1809 1189 1848 qui
1216 1809 1245 1838 in
1271 1808 1355 1838 dicta
1381 1807 1556 1839 adhesione
1574 1810 1780 1849 perstiterint,
1806 1820 1867 1839 non
1886 1808 2015 1840 extendi

363 1872 491 1902 cosque,
517 1862 569 1901 qui
594 1862 623 1891 in
648 1872 719 1891 cam
737 1861 958 1891 relaberentur
975 1860 1058 1901 quod
1077 1860 1160 1890 absit
1184 1861 1406 1900 inposterum.
1432 1860 1610 1890 reincidere
1635 1861 1703 1901 ipso
1728 1861 1813 1891 facto
1838 1861 1868 1891 in
1895 1861 2016 1901 priores

363 1914 535 1943 suitentias
560 1916 656 1953 atque
682 1923 789 1953 penas.

470 1964 586 1994 Datum
614 1965 802 2004 Argentinffi
836 1963 915 1993 feria
949 1964 1048 1992 tercia
1077 1967 1150 1992 autc
1177 1963 1422 1997 Ass-censionem,
1455 1967 1557 1992 anno²
1582 1962 1708 1992 Domini
1738 1962 1908 1993 millesimo
1934 1962 2013 1993 ‹JCC

364 2015 513 2045 vicesimo
538 2026 629 2045 nono.

364 2197 437 2230 δεῖ.
475 2194 742 2232 CAPITULA
771 2196 1069 2232 PACTORUM
1094 2196 1259 2232 INTER
1278 2196 1685 2232 IMPERATOREM
1710 2197 1774 2232 ET
1799 2196 2014 2232 AZONEM

828 2251 1191 2287 VICECOMITEM
1216 2251 1549 2288 HABITORUM.

833 2319 957 2361 (13029.
1004 2320 1096 2354 inter
1124 2320 1206 2354 Mai.
1234 2320 1447 2354 19.—lun.
1475 2320 1545 2361 14.)

474 2419 648 2449 Servantur
666 2419 791 2448 ›munis-25
811 2420 842 2449 {n
860 2418 1138 2449 Dalm-asianilms
1157 2420 1353 2458 imperatoris
1368 2431 1397 2449 «c.
1417 2420 1508 2449 13:29.
1528 2419 1609 2458 Sepl.
1628 2421 1670 2449 :23
1686 2420 1770 2450 dalis
1788 2421 1875 2458 iufra
1892 2431 1939 2450 nr.
1954 2422 2016 2450 643

365 2470 499 2506 calendis,
523 2470 576 2500 uhi
601 2470 674 2500 virle.

475 2525 521 2556 Dr
545 2528 676 2563 (cantore
700 2525 741 2566 cf.
762 2526 859 2565 thaffu„

480 2602 501 2628 Ι.
537 2598 646 2629 Primo
678 2599 762 2639 quod
788 2609 843 2629 nos
869 2599 1023 2629 debemus
1055 2606 1086 2628 ct
1110 2599 1299 2629 debebimus
1331 2600 1438 2629 omnia
1468 2600 1650 2640 privilegia,
1680 2600 1762 2632 iura,
1795 2599 1960 2630 libertates
1984 2603 2016 2629 et

366 2651 484 2688 gratias
503 2650 603 2680 factas
621 2650 861 2691 quibuscunque
880 2650 1013 2681 vicariis.
1039 2650 1224 2690 capitaneis.
1250 2650 1448 2681 officialibus.
1475 2650 1742 2690 universitatiluis,
1768 2650 2015 2681 comunitatibus

469 2735 535 2761 586.
564 2742 586 2756 “·“ν
608 2745 686 2767 supra
706 2737 800 2760 lineam
820 2736 881 2760 arm.
897 2745 931 2759 or.

2033 685 2056 704 10

2034 943 2056 961 1⁵

2034 1200 2058 1219 20

2034 1458 2056 1477 25

2034 1714 2058 1733 30

2034 1971 2058 1988 :55

2034 2434 2059 2452 40

2034 2741 2058 2758 45
