2205 3025
150 681 173 698 lc

150 948 172 966 15

148 1208 174 1226 20

148 1464 171 1483 25

147 1731 173 1749 30

148 1997 172 2015 35

146 2249 173 2267 41>

641 124 735 151 ACTA
755 123 867 150 REGNI
888 124 1070 150 LUDEWICI
1090 124 1135 150 IV.
1174 125 1248 151 1330.
1286 125 1333 151 Nr.
1348 125 1405 152 708.
1786 130 1846 159 607

194 211 421 251 recipientibus
450 211 606 252 equaliter
641 211 792 252 predictis
821 212 935 241 nostris
971 214 1002 241 et
1036 211 1106 241 aliis
1142 221 1203 252 que
1233 211 1272 242 ab
1303 212 1433 253 antiquo
1463 213 1643 244 habuerunt
1672 213 1847 254 privilegiis

195 261 370 302 pocientur.
420 261 503 292 Item
531 262 678 292 nolumus
708 262 792 303 quod
817 262 1013 292 monetarius
1042 262 1155 303 aliquis
1180 263 1253 301 (M.)
1279 264 1465 294 societatem
1490 264 1585 295 aliam
1611 275 1846 306 quamcumque

195 323 255 353 que
280 313 455 354 vulgariter
482 314 533 344 ain
562 314 650 344 zunft
677 314 858 354 appellatur
890 324 960 344 cum
990 313 1150 354 aliquibus
1178 314 1248 344 aliis
1277 314 1410 354 habeat7
1439 315 1497 345 nisi
1528 316 1696 346 artificium
1725 327 1845 350 00111111,

194 375 328 405 quorum
353 366 539 396 societatem
563 365 684 396 habere
709 365 886 405 desiderat,
911 365 1046 406 propriis
1070 366 1134 396 suis
1158 365 1304 396 manibus
1329 370 1481 406 operetur
1509 370 1541 397 et
1569 368 1598 397 in
1629 367 1743 399 eodem
1773 368 1846 398 arti-

193 415 264 446 ficio
289 416 329 446 sit
352 417 532 447 instructus.
579 417 660 448 Item
678 417 824 447 volumus
849 416 933 457 quod
959 417 1154 447 monetarius
1180 427 1334 448 exercere
1352 417 1459 448 valeat
1482 428 1575 449 omne
1601 419 1685 459 quod
1710 418 1846 449 voluerit

193 468 359 498 artificium
384 478 442 499 nec
467 472 614 499 teneatur
638 469 678 499 ob
703 468 763 499 1100
788 468 928 509 aliquam
953 468 1049 498 aliam
1067 468 1255 499 contrahere
1273 468 1460 499 societatem
1485 480 1546 510 quc
1564 470 1737 510 vulgariter
1760 470 1846 500 zunft

193 523 403 559 nuncupatur.
451 519 534 550 Item
559 521 584 549 si
609 520 677 560 quis
702 520 895 550 monetarius
920 530 1027 550 coram
1052 520 1204 560 magistro
1229 524 1358 550 monete
1382 531 1440 560 per
1463 521 1602 561 aliquem
1627 531 1723 562 super
1739 521 1846 561 aliqua

193 570 348 601 violencia
373 570 469 601 fucrit
497 571 684 611 impetitus⁰
709 582 803 612 quam
833 571 948 601 dicitur
972 570 1100 609 fecisse,
1130 572 1154 601 si
1183 581 1382 612 conquerens
1410 573 1441 602 in
1470 573 1644 602 continenti
1672 576 1846 612 antequam

193 621 309 662 pedem
340 621 379 652 de
405 621 474 652 loco
500 626 693 659 ammoveat,
722 632 780 663 per
809 626 873 652 tres
901 625 1000 653 testes
1029 623 1223 653 monetarios
1253 622 1403 653 videlicet
1433 634 1495 653 non
1525 624 1604 654 alios
1632 624 1845 654 intencionem

192 683 281 703 suam
307 684 368 703 11011
393 673 591 710 fundaverit„
620 684 693 704 reus
717 674 826 704 statim
851 673 947 704 debet
972 673 1012 704 ab
1037 674 1240 714 impeticione
1273 674 1388 704 actoris
1413 674 1549 707 absolvi.
1580 675 1712 715 prestito
1737 678 1844 706 tamen

192 725 277 765 prius
302 735 359 765 per
383 725 487 765 ipsum
511 735 600 755 reum
624 726 808 756 innocencie
834 736 889 755 sue
914 726 1102 756 iuramento.

299 787 327 815 6.
364 785 447 815 Item
482 785 627 815 volumus
659 788 691 815 ct
724 786 918 826 precipimus
947 786 1032 826 quod
1066 786 1221 826 magister
1252 790 1380 816 monete
1410 787 1462 826 qui
1491 797 1547 827 pro
1578 789 1722 827 tempore
1752 786 1847 817 fuerit

191 837 341 876 respiciat
376 840 408 867 et
439 837 601 866 examinet
638 840 669 866 et
702 837 862 877 respicere
899 840 930 867 et
959 838 1143 867 examinare
1181 837 1299 868 debeat
1327 838 1458 877 singulis
1486 841 1621 878 quatuor
1648 838 1845 878 temporibus

192 888 277 928 apud
303 898 560 928 unamquamque
586 888 836 918 comnunitatem
869 889 899 918 111
931 889 1059 918 civitate.
1084 888 1225 928 Spirensi
1257 899 1317 929 que
1342 889 1517 929 vulgariter
1547 890 1634 919 zunft
1663 890 1846 930 appellatur

193 943 263 970 octo
289 939 440 970 candelas
464 949 589 971 cereas.
615 950 694 979 quas
718 940 777 979 ipsi
802 939 921 970 habere
947 939 1064 969 debent
1089 944 1120 970 et
1145 941 1175 969 in
1199 940 1422 970 anniversariis
1447 940 1590 971 divorum
1616 941 1845 981 imperatorum

191 995 224 1021 ct
248 1001 359 1031 regum
383 990 601 1020 Romanorum
627 990 889 1030 predecessorum
916 995 1095 1021 nostrorum
1120 991 1160 1021 ad
1185 992 1353 1021 ecclesiam
1377 992 1516 1032 gloriose
1542 992 1636 1022 beate
1661 992 1761 1023 Marie
1786 992 1846 1022 vir-

191 1043 272 1083 ginis
302 1041 419 1072 ibidem
449 1041 620 1082 deportare
651 1046 682 1071 et
706 1046 891 1082 lea-esentare
917 1042 1036 1073 debent
1060 1046 1091 1072 et
1116 1042 1268 1073 hactenus
1301 1042 1471 1083 delita-tare
1501 1047 1532 1074 et
1561 1047 1745 1083 [acsentare
1770 1054 1844 1074 con-

192 1096 372 1124 sweverunt
400 1093 440 1122 ob
471 1093 646 1123 remedium
678 1094 854 1124 animarum
887 1097 1064 1124 nostrorum
1094 1094 1357 1134 predecessorum
1388 1094 1508 1124 ibidem
1537 1095 1567 1124 in
1595 1094 1722 1125 Christo
1755 1095 1844 1135 quie-

192 1145 367 1177 scencium.
397 1145 449 1184 qui
475 1144 610 1175 eandem
637 1145 798 1175 civitatem
822 1148 961 1175 nostram
988 1144 1171 1185 Spirensem
1198 1145 1305 1175 multis
1330 1145 1520 1175 decorarunt
1544 1146 1733 1186 privilegiis7
1765 1150 1796 1176 et
1820 1146 1845 1176 si

192 1197 351 1237 aliqucmv
376 1206 416 1226 ex
440 1196 516 1236 ipsis
541 1197 620 1226 circa
648 1196 808 1236 predictas
833 1196 983 1226 candelas
1008 1196 1169 1227 defectum
1188 1196 1327 1237 aliquem
1350 1196 1469 1227 habere
1487 1198 1652 1237 repererit,
1679 1199 1702 1227 is
1719 1198 1844 1227 nominc

192 1258 274 1289 pene
303 1248 328 1277 si
352 1248 433 1277 infra
458 1258 601 1278 mensem
627 1246 832 1289 huiuslmodi]
858 1248 1018 1278 defectum
1044 1258 1105 1277 non
1131 1248 1361 1285 emendaverit„
1386 1258 1481 1278 unam
1506 1248 1618 1278 librum
1644 1248 1845 1279 denariorum

192 1299 388 1340 Spirensium
414 1299 534 1329 tociens
559 1299 710 1339 quociens
735 1299 847 1329 feccrit
872 1298 960 1328 dabit
984 1299 1136 1338 magistro
1155 1298 1326 1328 antedicto.
1373 1298 1455 1328 Item
1480 1298 1684 1329 concedimus
1709 1299 1844 1329 0110111-

192 1362 261 1382 mus
295 1350 380 1391 quod
413 1374 443 1380 ..
476 1361 593 1381 uxores
623 1350 779 1390 legittime
810 1351 1060 1380 monetariorum
1090 1354 1377 1390 1›rmnortuorum⁴1,
1409 1360 1504 1390 quam
1536 1349 1587 1379 diu
1617 1350 1656 1380 ad
1681 1350 1759 1380 alias
1783 1361 1844 1380 11011

192 1402 430 1433 convolaverint
455 1403 595 1442 nupcias.
622 1401 744 1432 eisdem
763 1401 913 1442 predictis
931 1402 1045 1432 nostris
1070 1406 1101 1431 et
1125 1401 1195 1431 aliis
1212 1402 1459 1431 1nonetari‹n·um
1476 1401 1639 1442 gaudeant
1656 1405 1687 1431 ct
1704 1401 1846 1442 gaudere

192 1454 332 1485 debeant
354 1453 540 1494 privilegiis,
566 1453 685 1483 iuribus
710 1458 741 1483 ct
765 1453 1057 1483 conswetiulinibus
1083 1463 1192 1483 eorum
1218 1453 1365 1493 antiquis.

300 1517 327 1546 7.
364 1514 445 1544 Item
471 1513 617 1544 volumus
642 1517 672 1543 ct
697 1513 903 1544 ctmccdimus
928 1513 1011 1554 quod
1038 1514 1191 1554 magister
1215 1517 1342 1543 monete
1368 1512 1523 1551 falsarios,
1548 1513 1601 1553 qui
1625 1513 1664 1543 ad
1683 1513 1845 1543 civitatem

191 1565 375 1606 Spirensem
407 1565 650 1599 declinaverint,
681 1566 732 1605 qui
764 1565 847 1595 circa
877 1565 1145 1605 qualemcumque
1178 1568 1340 1594 monetam
1372 1565 1491 1594 crimen
1521 1564 1592 1594 falsi
1623 1564 1844 1605 quodcumque

191 1615 398 1658 conm[is]isse
423 1616 473 1646 vel
498 1616 537 1646 de
563 1616 622 1646 1100
648 1616 803 1646 diffamati
830 1617 948 1656 reperti
973 1617 1104 1648 fuerint.
1134 1626 1250 1656 capere
1280 1626 1374 1645 manu
1398 1619 1520 1645 armata
1547 1619 1578 1645 et
1602 1615 1844 1656 deprehendere

190 1669 289 1708 possit
323 1672 353 1698 et
385 1667 504 1698 debeat
534 1671 565 1698 et
594 1679 650 1699 eos
681 1669 770 1698 iuxta
795 1669 1095 1708 pronunciacioncm
1128 1671 1160 1697 et
1184 1667 1411 1697 diffinicionem
1436 1667 1571 1697 aliorum
1595 1667 1844 1697 monetariorum

194 1720 304 1760 punire
328 1720 428 1760 possit
453 1724 483 1749 et
509 1719 628 1750 debeat
652 1721 754 1750 eciam
778 1719 889 1749 ultimo
914 1719 1069 1759 supplicio
1096 1719 1144 1748 vel
1169 1719 1261 1749 alias.
1292 1718 1464 1747 secundum
1495 1717 1580 1758 quod
1610 1718 1683 1747 facti
1708 1718 1844 1757 qualitas

192 1772 337 1812 exegerit
368 1774 400 1802 et
431 1770 609 1812 ex[c]cssus
638 1771 790 1801 meruerit
822 1770 1065 1811 delinquentisr„
1097 1771 1180 1800 circa
1210 1780 1271 1810 que
1304 1769 1388 1800 dicto
1419 1769 1570 1809 magistro
1600 1772 1632 1799 et
1660 1769 1843 1799 monetariis

190 1823 384 1852 ordinariam
405 1822 565 1852 iudicandi
584 1822 750 1852 tribuimus
769 1824 960 1862 potestatem
979 1820 1035 1862 let]
1055 1821 1255 1861 presentibus
1273 1820 1476 1851 concedimus
1493 1820 1689 1850 facultatem.
1758 1819 1841 1849 Item

190 1874 336 1904 volumus
358 1873 443 1914 quod
461 1874 629 1903 monetarii
654 1874 711 1903 soli
737 1878 768 1903 et
794 1883 854 1903 non
873 1873 926 1903 alii
944 1883 1050 1903 coram
1076 1872 1230 1913 magistro
1255 1876 1382 1902 monete
1409 1872 1455 1901 ius
1479 1874 1511 1901 et
1535 1871 1713 1901 sentencias
1738 1870 1843 1901 dicere

191 1925 332 1956 habeant
356 1928 387 1955 et
412 1924 541 1954 dictare.

301 1986 328 2015 S.
354 1984 509 2014 Volumus
534 1984 635 2014 eciam
660 1988 692 2014 ct
715 1983 772 2013 sub
798 1983 931 2014 obtentu
955 1983 1063 2024 gracie
1088 1987 1194 2013 nostre
1219 1983 1352 2013 firmiter
1376 1987 1407 2013 et
1432 1982 1572 2013 districte
1597 1982 1716 2012 servari
1740 1982 1842 2022 preci-

190 2037 306 2076 pimus,
342 2039 376 2066 ut
405 2036 462 2066 viri
491 2035 664 2075 prudentes
695 2039 726 2065 et
759 2035 889 2065 discreti
919 2058 951 2064 ..
977 2034 1121 2065 consules
1146 2039 1178 2065 et
1203 2060 1233 2065 ..
1263 2035 1402 2065 universi
1430 2035 1515 2064 cives
1539 2033 1704 2074 Spirenses
1732 2033 1843 2064 fideles

189 2088 288 2117 nostri
312 2087 419 2117 dilecti
449 2087 643 2117 monetarios
668 2086 831 2126 predictos
856 2090 1023 2126 presentes
1052 2090 1084 2116 et
1108 2086 1230 2116 futuros
1260 2086 1342 2116 circa
1373 2085 1517 2126 predicta
1546 2085 1713 2126 privilegia
1738 2085 1841 2116 omnia

189 2142 221 2169 et
245 2139 369 2179 singula
399 2148 456 2178 per
483 2148 540 2168 nos
569 2138 614 2168 eis
644 2148 685 2168 ex
713 2138 871 2178 imperiali
896 2148 1046 2168 concessa
1070 2137 1265 2168 liberalitate
1296 2141 1328 2168 et
1356 2138 1438 2167 circa
1463 2138 1665 2167 exactionem
1690 2147 1843 2177 penarum

190 2189 370 2220 faciendam
395 2199 413 2219 a
439 2188 615 2219 rebellibus
639 2199 762 2219 necnon
787 2190 869 2219 circa
894 2190 999 2219 omnia
1023 2189 1087 2220 alia
1111 2189 1250 2230 ipsorum
1280 2189 1529 2219 numetariorum
1560 2189 1628 2219 iura
1652 2189 1782 2229 arntiqua
1812 2192 1843 2218 et

193 2241 448 2271 conswetudines
465 2251 682 2281 quascumque
700 2240 854 2271 hactenus
879 2251 935 2281 per
959 2241 1044 2280 ipsos
1067 2251 1086 2271 a
1110 2244 1255 2281 tempore
1280 2244 1312 2271 et
1335 2251 1392 2280 per
1416 2244 1560 2280 tempora
1578 2239 1691 2280 quibus
1716 2240 1745 2270 in
1768 2250 1842 2269 con-

192 2292 322 2322 trarium
346 2293 502 2322 memoria
527 2303 588 2322 non
614 2292 722 2322 existit
739 2291 871 2332 pacifice
889 2291 1084 2324 observatas.
1110 2302 1171 2333 que.
1196 2295 1228 2322 et
1246 2302 1323 2332 quas
1347 2292 1423 2332 ipsis
1448 2302 1487 2322 ex
1504 2294 1591 2322 certa
1608 2292 1747 2321 sciencia
1771 2302 1842 2331 prc-

191 2343 332 2374 sentibus
368 2343 608 2378 confirmamusq
644 2346 888 2381 111anuteueant,
923 2343 1114 2373 coadiuvent
1150 2346 1182 2373 et
1210 2343 1385 2374 defendant
1419 2343 1528 2384 eisque
1565 2353 1620 2383 pro
1657 2342 1842 2374 defensione

192 2394 367 2425 eorundem
391 2394 645 2435 privilegiorum,
670 2394 799 2431 iurium,
825 2395 1097 2425 consuetudinum
1123 2398 1154 2425 et
1179 2396 1383 2425 exactionum
1415 2404 1569 2434 penarum
1600 2394 1732 2425 viriliter
1764 2395 1841 2424 assi-

191 2450 275 2476 stant
300 2450 331 2476 et
355 2447 441 2486 ipsos
465 2447 548 2476 circa
573 2446 727 2486 premissa
752 2446 801 2476 vel
826 2445 956 2487 aliquod
981 2447 1207 2486 premissorum
1231 2457 1292 2476 non
1316 2445 1502 2486 impediant,
1529 2446 1656 2476 turbent
1674 2445 1723 2476 vel
1740 2446 1840 2475 molc-

161 2505 170 2521 1
191 2501 275 2527 stent
308 2508 365 2537 per
396 2508 429 2527 se.
459 2501 512 2527 aut
543 2497 639 2527 alium
671 2507 726 2527 seu
755 2497 833 2527 alios
863 2497 914 2527 vel
943 2497 1192 2537 impedientibus
1220 2501 1362 2538 prestent
1391 2497 1560 2529 auxilium.
1594 2497 1758 2527 consilium
1791 2497 1839 2526 vel

193 2550 334 2578 favorem
361 2549 469 2588 sicque
494 2549 579 2588 ipsos
604 2549 797 2579 monetarios
823 2548 913 2579 dictis
936 2550 1051 2579 nostris
1075 2549 1250 2589 privilegiis
1281 2550 1326 2580 eis
1355 2549 1512 2579 concessis
1541 2552 1571 2578 ct
1596 2549 1734 2588 ipsorum
1759 2548 1839 2577 anti-

191 2600 260 2640 quis
285 2599 404 2630 iuribus
429 2603 461 2630 et
478 2600 768 2630 c‹:›11swetudinibus
785 2600 885 2631 libere
911 2603 942 2631 et
957 2601 1089 2640 pacifice
1107 2600 1248 2641 gaudere
1267 2604 1298 2631 et
1315 2601 1408 2640 potiri
1427 2600 1613 2640 permittant
1629 2604 1661 2629 ct
1678 2599 1840 2638 pacienter

190 2651 380 2689 sustineant7
412 2654 506 2692 prout
534 2654 674 2681 nostram
704 2655 735 2682 et
764 2652 889 2692 imperii
918 2652 1075 2682 voluerint
1102 2652 1261 2682 ulcionem
1292 2652 1411 2682 evitare
1442 2655 1473 2681 et
1501 2661 1556 2680 sua
1588 2650 1753 2690 privilegia
1782 2659 1838 2688 per

296 2735 358 2762 708.
387 2738 410 2767 Γ·)
430 2737 568 2769 impetatus
588 2747 625 2762 ον.
714 2738 738 2765 1³)
757 2739 844 2769 aliqua
863 2746 899 2762 or.
988 2738 1012 2775 toll
1033 2738 1228 2769 primortuorum
1249 2747 1285 2763 or.
1374 2737 1393 2767 r)
1413 2737 1579 2768 dilinqtieiitis
1600 2744 1634 2759 or.
