2205 3025
320 144 381 171 ‚344
556 137 650 163 ACTA
672 135 783 161 REGNI
804 134 986 160 LUDEWICI
1008 133 1052 159 lv.
1072 133 1117 159 ΕΤ
1137 123 1321 159 FRlDERlCI
1340 132 1388 157 ΙΙΙ.
1426 132 1500 157 1329.
1537 131 1584 157 Nr.
1599 131 1656 157 646.
1676 131 1735 157 647.

319 230 351 256 et
375 226 482 255 hostes
507 223 581 253 inibi
607 223 782 253 existentes
806 224 955 261 potenter
980 224 1011 250 et
1034 220 1167 250 viriliter
1191 219 1329 249 eiecistis
1353 217 1393 248 de
1419 218 1546 248 civitate
1572 217 1715 257 predicta
1740 221 1771 247 et
1795 217 1835 247 ad
1860 217 1970 247 obser-

319 276 478 306 vationem
504 274 661 304 interdicti
686 276 718 303 et
742 272 982 303 interdictorum
1007 271 1221 312 predictorum
1240 269 1457 300 inviolabilem
1473 269 1635 300 humiliter
1651 269 1789 300 rediistis
1805 279 1842 300 ac
1858 279 1972 310 parere

320 329 503 357 reverenter
526 324 643 354 vicario
674 327 705 354 et
730 323 920 353 officialibus
948 321 1141 352 venerabilis
1169 321 1274 352 fratris
1302 321 1400 351 nostri
1426 319 1573 360 Symonis
1602 320 1834 361 archiepiscopi
1863 321 1972 351 Pisani

321 382 351 407 et
375 377 414 407 ad
439 377 634 406 carissimum
660 376 689 405 in
713 374 838 405 Christo
862 374 960 404 filiuni
986 376 1128 404 nostrum
1146 373 1323 403 Robertum
1347 382 1457 412 regem
1482 371 1587 402 Sicilie
1612 372 1769 402 illustrem
1793 382 1850 412 pro
1875 373 1972 412 ipsius

320 429 422 468 gratia
447 431 478 458 et
502 438 581 468 pace
611 426 758 457 habenda
783 429 905 456 vestros
930 425 1060 455 nuncios
1088 425 1304 455 transmittere
1336 424 1500 454 curavistis
1530 426 1562 453 et
1589 423 1718 463 insuper
1748 433 1819 453 cum
1848 423 1973 454 dilectis

320 479 391 509 filiis
415 479 573 508 communi
598 481 629 508 et
654 477 774 507 civibus
792 477 1013 515 Florentin(is)
1039 475 1174 506 ecclesie
1192 475 1338 506 Romane
1364 474 1489 505 devotis
1512 484 1636 515 pacem,
1660 474 1816 506 unitatem
1841 478 1872 505 et
1896 486 1971 506 con—

320 530 476 565 cordiam,
501 529 634 560 adiectis
658 530 689 558 111
713 528 883 559 concordia
907 528 975 568 ipsa
1000 528 1094 557 certis
1118 526 1259 557 articulis
1285 526 1499 565 devotionem,
1525 526 1737 557 reverentiam
1762 530 1794 557 et
1817 526 1971 557 honorem

320 585 460 611 nostrum
486 584 517 610 et
542 583 650 610 sancte
675 580 785 610 matris
810 579 944 610 ecclesie
970 578 1186 619 tangentibus,
1210 578 1440 608 reformastis¹.

428 635 455 662 4.
493 632 600 667 Quare
625 631 741 672 prefati
766 631 1005 661 ambaxiatores
1034 634 1065 660 et
1089 631 1194 660 nuncii
1218 629 1309 660 nobis
1338 630 1369 659 in
1400 628 1514 660 eodem
1539 629 1724 659 consistorio
1756 629 1973 670 supplicarunt

320 684 482 714 humiliter
506 688 537 713 ct
562 683 687 717 devote,
713 686 746 713 ut
770 683 882 713 vestris
907 692 968 711 non
993 682 1124 712 attentis
1142 680 1336 717 excessibus,
1362 684 1410 711 set
1434 683 1605 721 sequentes
1629 681 1740 721 pocius
1757 680 1861 712 divine
1877 682 1971 712 mise-

321 735 456 766 racionis
487 735 671 774 exemplum
703 734 793 764 vobis
828 734 954 773 aperire
988 733 1194 773 dignaremur
1224 733 1326 763 sinum
1359 732 1488 772 pietatis
1517 736 1548 763 et
1576 732 1808 771 misericordie,
1843 743 1898 763 vos
1932 733 1973 763 ad

320 790 459 816 nostram
486 790 517 817 et
541 785 683 816 eiusdem
709 785 844 815 ecclesie
869 785 1006 825 gratiam
1032 783 1231 814 admittendo
1257 793 1293 813 ac
1322 783 1526 814 interdictum
1551 794 1606 814 seu
1631 784 1800 814 interdicta
1829 785 1974 824 predicta

321 837 462 868 tollendo
488 837 527 868 de
553 837 697 868 civitate.
722 837 875 867 comitatu
901 840 931 866 et
956 836 1101 866 districtu
1124 835 1276 876 predictis
1300 835 1456 876 vobisque
1480 845 1602 865 necnon
1633 836 1777 876 personis
1808 836 1974 877 singulari-

321 889 380 919 bus
407 889 557 923 civitatisq
592 889 762 918 comitatus
791 891 822 918 et
853 888 1013 918 districtus
1037 887 1270 928 predictorum,
1301 886 1424 917 clericis
1453 891 1485 917 et
1508 887 1610 925 laicis,
1641 887 1798 928 religiosis
1827 891 1858 918 et
1882 898 1974 918 secu-

321 940 440 971 laribus
468 940 507 970 ab
539 940 711 977 interdicti,
742 940 971 980 suspensionis,
997 939 1334 969 excommunicationis
1359 942 1391 969 et
1418 938 1487 968 aliis
1517 939 1607 978 penis
1632 942 1663 969 et
1687 939 1866 975 sententiis,
1897 950 1974 980 quas

322 995 453 1033 propter
483 992 627 1032 predicta
651 992 700 1022 vel
731 991 862 1032 aliquod
894 991 1110 1031 inedictorum
1139 990 1383 1031 quomodolibet
1414 990 1600 1026 incurristis,
1633 990 1673 1021 de
1704 990 1912 1021 absolutionis
1943 994 1975 1021 et

322 1043 529 1073 relaxationis
547 1043 702 1074 beneficio
719 1043 918 1083 providendo
936 1053 972 1073 ac
990 1042 1204 1083 dispensando
1223 1041 1473 1072 misericorditer
1490 1052 1561 1072 cum
1580 1042 1723 1082 personis
1740 1042 1973 1081 ecclesiasticis,

322 1095 479 1135 religiosis
504 1099 535 1125 et
559 1095 755 1125 secularibus
780 1095 926 1132 civitatis,
951 1094 1120 1124 comitatus
1145 1098 1177 1124 et
1194 1093 1354 1124 districtus
1371 1093 1598 1134 predictorum„
1623 1104 1684 1134 que
1710 1094 1877 1124 occasione
1901 1104 1974 1135 pre-

322 1147 489 1176 missorum
520 1146 647 1177 fuerunt
677 1147 921 1187 irregularitatis
952 1146 1078 1176 macula
1109 1147 1244 1185 irretito,
1275 1156 1310 1176 ac
1341 1145 1500 1175 abolendo
1531 1156 1549 1175 a
1572 1145 1662 1176 vobis
1692 1149 1724 1176 et
1747 1146 1823 1186 ipsis
1847 1157 1975 1177 omnem

323 1198 454 1228 iut'amie
471 1199 629 1228 maculam
654 1199 720 1228 sive
745 1202 852 1228 notam
879 1209 919 1228 ex
937 1198 1099 1238 premissis
1116 1197 1262 1228 abortam
1288 1200 1319 1227 et
1342 1197 1372 1227 in
1398 1207 1435 1226 eo
1458 1199 1541 1227 statu
1563 1197 1772 1234 restituendo,
1798 1208 1860 1238 quo
1879 1198 1975 1228 eratis

324 1253 397 1279 ante
422 1249 594 1280 adventum
620 1250 695 1280 dicti
719 1249 874 1279 Ludovici
899 1249 938 1279 de
956 1248 1094 1279 Bavaria
1118 1248 1158 1278 ad
1184 1249 1345 1279 civitatem
1370 1248 1433 1278 iam
1458 1247 1587 1287 dictam⁷
1612 1248 1783 1279 offerentes
1808 1249 1881 1279 dicti
1906 1259 1974 1279 am-

324 1300 509 1331 baxiatores
534 1304 565 1331 et
589 1301 693 1331 nuncii
718 1304 822 1330 vestro
854 1301 980 1330 nomine
1005 1311 1060 1330 vos
1090 1300 1205 1330 nostris
1235 1303 1267 1330 et
1291 1299 1424 1329 ecclesie
1453 1299 1483 1328 in
1509 1299 1654 1330 omnibus
1684 1304 1768 1330 stare
1798 1304 1830 1331 et
1860 1311 1975 1342 parere

324 1351 483 1382 mandatis
508 1362 699 1392 omnemque
724 1352 829 1382 subire
854 1352 1063 1392 penitentiam
1089 1354 1121 1381 et
1145 1350 1314 1381 emendam
1339 1351 1516 1390 complere,
1551 1361 1629 1391 quas
1654 1351 1742 1381 vobis
1765 1352 1976 1393 iniungendas

326 1403 510 1433 duxerimus
534 1414 590 1443 pro
616 1403 805 1443 p1·e1nissis.²

432 1454 503 1484 Dat.
523 1454 718 1489 Aviuionfei,
745 1454 848 1484 XVII.
868 1453 1032 1484 Kalendas
1057 1454 1198 1487 octobr„
1223 1453 1427 1494 pontificatus
1451 1455 1547 1484 nostri
1573 1464 1654 1484 anno
1680 1454 1931 1495 quartodecimo.

326 1664 606 1707 ‹HT—«usa.
652 1662 914 1707 PACTUM
956 1662 1196 1715 FINALE
1229 1662 1440 1706 INTER
1472 1663 1976 1708 IMPERATOREM

588 1731 662 1774 ET
692 1729 970 1775 AZONEM
1001 1731 1469 1776 VICECOMITEM
1504 1732 1724 1777 ICTUM.

791 1808 896 1843 13029.
934 1808 1036 1849 (Sine
1066 1808 1180 1850 dato).
1219 1808 1317 1851 Sept.
1341 1808 1517 1842 ΖΗΓ-95.

438 1882 485 1921 (ff.
510 1892 609 1920 snpra
634 1893 680 1911 nr.
699 1883 770 1912 5157.

581 1988 666 2022 4547.
707 1988 834 2021 Forma
864 1988 1112 2022 constitutiaemis
1143 1989 1341 2023 vicariatus.
1473 1988 1577 2031 (Sine
1606 1988 1716 2029 dato).

436 2061 588 2091 Servatur
613 2062 643 2091 in
668 2060 740 2091 solis
765 2060 1041 2092 Derim-ar‘'ouilms
1066 2063 1263 2100 imperatoris
1288 2063 1376 2100 infra
1399 2073 1447 2093 ur.
1468 2063 1538 2097 645,
1563 2062 1616 2092 ubi
1641 2061 1714 2091 vide.

435 2147 616 2176 Ludovieus
644 2146 704 2177 Dei
735 2148 838 2187 gratia
869 2147 1086 2178 Romanorum
1116 2149 1290 2189 imperator
1322 2159 1449 2189 semper
1479 2151 1633 2188 augustus
1756 2147 1854 2177 nobili
1885 2147 1978 2177 militi

329 2199 427 2227 Azoni
453 2198 491 2227 de
516 2198 768 2228 Yieeeomitibus
793 2209 847 2228 suo
873 2202 904 2228 et
928 2200 1051 2239 imperii
1076 2200 1159 2230 fideli
1187 2200 1303 2230 dilecto
1399 2201 1535 2240 gratiam
1560 2210 1649 2230 suam
1675 2202 1706 2229 et
1731 2209 1823 2229 omne
1849 2198 1976 2228 bonum.

437 2249 485 2278 De
503 2248 657 2278 fidelitate
683 2252 714 2279 et
731 2249 892 2289 probitate
916 2254 968 2279 tua
986 2250 1112 2290 plenam
1131 2254 1280 2291 gerentes
1298 2251 1446 2281 fiduciam
1471 2261 1508 2281 ac
1533 2251 1629 2281 ctiam
1647 2254 1814 2290 sperantes
1838 2249 1977 2289 indubie

329 2299 413 2340 quod
439 2301 548 2330 vix-itas
566 2300 736 2330 Mediolani
763 2301 893 2341 eiusque
911 2303 1080 2332 comitatus
1105 2306 1136 2332 et
1153 2303 1313 2333 districtus
1337 2313 1394 2343 per
1412 2307 1463 2333 tue
1481 2302 1773 2342 circumspectionis
1790 2301 1977 2331 industriam

330 2352 369 2381 ad
394 2359 534 2381 nostrum
560 2356 590 2381 et
618 2352 742 2391 imperii
768 2352 920 2382 honorem
953 2357 983 2382 et
1008 2353 1135 2384 laudem
1159 2354 1387 2394 gubernabitur
1412 2354 1583 2384 salubriter
1607 2353 1738 2393 eiusque
1763 2352 1979 2383 inhabitantes

330 2403 563 2433 :uliuvabuntur
592 2403 620 2432 111
652 2413 730 2442 paee
760 2406 791 2432 et
815 2403 884 2433 Deo
918 2405 1054 2444 propitio
1080 2405 1318 2445 preservabitur
1348 2416 1365 2435 a
1389 2406 1492 2435 noxiis
1517 2408 1549 2435 et
1572 2404 1731 2443 adversis,
1764 2408 1794 2434 te
1826 2403 1978 2434 vicarium

330 2458 470 2484 nostruin
496 2458 526 2483 et
551 2454 674 2493 imperii
700 2454 834 2484 civitatis
852 2455 1024 2485 Mediolani
1051 2457 1181 2497 eiusque
1207 2457 1376 2487 eomitatus
1401 2460 1432 2487 et
1449 2456 1608 2486 districtus
1633 2456 1822 2486 auctoritate
1847 2465 1978 2495 presen-

331 2507 406 2535 tium
424 2505 557 2535 facimus
581 2509 613 2534 et
629 2506 857 2536 constituimus.
883 2506 939 2536 tibi
965 2507 994 2536 111
1013 2508 1155 2547 predicta
1174 2509 1301 2538 civitate
1320 2509 1451 2548 eiusque
1469 2508 1621 2538 comitatu
1647 2510 1678 2537 et
1695 2506 1839 2537 districtu
1856 2516 1979 2536 merum

331 2560 361 2586 et
386 2557 520 2586 mixtum
546 2557 714 2596 imperium
745 2560 776 2586 et
801 2568 925 2587 onlnem
952 2559 1201 2590 iurisdictionem
1227 2564 1259 2590 et
1284 2560 1470 2590 exercitium
1495 2569 1553 2599 per
1580 2562 1612 2588 tc
1641 2562 1673 2588 et
1702 2568 1761 2598 per
1784 2560 1978 2597 potestatem

331 2608 562 2645 exercendum,
587 2618 680 2648 quem
707 2608 802 2637 etiam
829 2608 956 2638 duxeris
982 2609 1179 2650 eligendum.
1210 2616 1320 2641 tenore
1344 2611 1539 2651 presentium
1565 2609 1791 2648 concedentes,
1820 2612 1853 2639 ut
1877 2609 1980 2649 possis

436 2703 459 2726 1)
488 2701 527 2732 (fs-
542 2709 625 2733 ΜΡΝ(
647 2709 686 2725 ΗΓ.
700 2704 745 2726 619
765 2703 785 2725 ¹3!
801 2710 827 2732 J».
843 2705 892 2726 5:50
912 2705 964 2727 1¹01.
983 2708 999 2727 1.
1090 2706 1115 2734 2)
1139 2703 1264 2728 Formam
1289 2704 1464 2729 absolutionis
1482 2703 1595 2735 fiendae.
1616 2712 1694 2735 qnam
1715 2702 1757 2727 laic
1772 2710 1870 2734 ponere
1887 2709 1979 2734 saper-

332 2743 450 2769 smlimns,
473 2752 490 2768 Γ.
512 2742 584 2775 apud!
605 2743 703 2768 Ju'e‘ae'sslvr
722 2744 736 2767 ἶ.
751 2753 771 2769 ι’,
788 2751 814 2774 Ι).
832 2748 946 2776 thxqq.

1993 693 2019 712 10

1994 949 2019 967 15

1994 1207 2019 1226 20

1995 1464 2020 1482 25

1998 2570 2026 2588 40
