2205 3025
360 105 421 134 492
635 99 729 125 ACTA
750 97 861 123 REGNI
882 95 1065 122 LUDEWICI
1085 96 1130 122 1V.
1151 95 1195 120 ΕΤ
1216 94 1398 121 FRIDERICI
1417 94 1465 120 III.
1502 93 1576 119 1329.
1614 92 1661 119 Nr.
1675 93 1733 120 590.

468 186 658 217 Ludowicus
684 185 744 215 Dei
769 184 878 223 gracia
901 181 1119 213 Romanorum
1144 181 1320 221 imperator
1343 190 1471 220 semper
1493 182 1655 220 augustus.
1745 179 1797 209 Ad
1821 182 2011 220 perpetuam

360 240 405 270 rei
431 238 630 269 memoriam.

466 289 534 319 Etsi
558 287 677 318 cunctis
701 285 906 326 imperatorie
931 285 1085 315 claritatis
1110 283 1265 314 celsitudo
1290 283 1401 323 gratiis
1424 281 1664 322 profluentibus,
1694 281 1857 312 beneficiis
1885 291 2013 322 quoque

360 341 497 381 copiosis
534 350 603 369 esse
639 338 758 368 debeat
793 346 834 366 ex
862 336 1008 377 largiflue
1042 346 1098 366 sue
1134 336 1262 376 pietatis
1291 334 1399 365 debito
1430 333 1584 375 gratiosa,
1619 333 1691 363 illos
1724 336 1832 363 tamen
1867 333 2014 363 convenit

359 391 567 432 amplioribus
592 388 814 420 munificentiis
840 398 877 418 ac
900 388 999 428 gratis
1024 386 1185 417 favoribus
1210 385 1438 425 circumplecti,
1464 386 1517 426 qui
1541 385 1660 415 cunetis
1684 383 1881 424 temporibus
1904 393 1955 413 res
1983 386 2015 414 et

361 453 513 484 personas
538 441 687 482 periculis
712 439 885 470 innumeris
903 442 1102 479 exponentes
1126 448 1196 468 cum
1214 438 1294 468 sacri
1319 437 1444 478 imperii
1461 436 1609 466 fidelibus
1625 435 1750 476 pondus
1767 435 1831 466 diei
1855 438 1887 465 et
1907 435 2015 465 estus¹

360 495 466 524 subire
490 494 620 524 minime
648 491 860 532 trepidarunt.
907 490 1084 520 Venientes
1108 490 1217 530 itaque
1242 489 1282 519 ad
1307 500 1363 519 nos
1386 488 1562 529 prudentes
1585 487 1643 518 viri
1667 486 1828 523 consules,
1858 496 2014 517 conmune

361 549 393 576 et
416 546 560 575 homines
584 545 645 574 loei
681 543 719 573 (10
745 542 935 583 Veglevano
966 541 1079 572 fideles
1109 541 1207 571 nostri
1232 540 1355 580 dilecti,
1387 540 1440 580 qui
1465 539 1578 570 diebus
1601 539 1665 569 suis
1689 548 1812 569 summe
1837 537 2016 568 dilectionis

361 598 501 636 fervore,
538 596 746 636 magnalitate
780 604 912 635 operum
950 604 1027 634 erga
1062 604 1119 623 nos
1155 604 1191 626 ac
1222 603 1347 623 sacrum
1377 592 1559 622 Romanum
1592 591 1761 631 imperium
1797 589 2017 630 multipliciter

361 650 556 682 claruerunt,
587 647 804 688 supplicantes
828 646 992 676 humiliter
1017 649 1048 676 et
1072 644 1204 685 devote,
1233 648 1390 685 quatenus
1418 654 1459 674 ex
1490 643 1696 683 imperatorie
1721 641 1917 672 celsitudinis
1942 651 2016 671 con-

361 703 452 731 sueta
476 699 650 730 clemencia
675 698 752 738 ipsis
777 698 885 728 omnia
908 696 1094 737 privilegia,
1120 697 1326 731 emunitatem
1356 694 1535 734 libertates,
1561 694 1802 734 exempciones,
1826 693 1963 723 honores
1987 694 2019 722 et

364 752 587 782 concessiones
611 759 829 791 quascumque
856 748 968 787 factas,
993 747 1085 778 datas
1113 757 1170 777 seu
1195 757 1364 777 concessas
1388 747 1527 786 ipsorum
1552 745 1815 786 predecessorum
1839 746 2018 774 nostrorum

361 803 420 833 sub
446 812 648 843 quacumque
674 801 794 840 forma,
829 800 1035 830 concessione
1066 809 1122 829 seu
1153 799 1360 839 expressione
1385 797 1554 827 verborum
1577 806 1636 837 per
1664 796 1753 826 divos
1775 794 2020 836 predecessores

363 858 487 885 nostros
511 855 723 894 imperatores
748 852 913 882 Romanos
942 851 1145 889 confirmare,
1177 850 1351 889 ratificare,
1381 849 1561 889 approbare
1590 858 1627 878 ac
1651 847 1747 878 etiam
1773 846 1812 877 de
1836 856 1918 876 novo
1943 856 2018 876 eon-

363 906 479 937 cedcre
504 905 722 945 dignaremur.
770 904 913 939 Quorum
938 902 1178 943 privilegiorum
1204 896 1345 932 omnium
1369 904 1460 931 tenor
1482 899 1625 941 sequitur
1648 899 1679 929 in
1703 899 1764 929 hec
1788 897 1899 928 verba:

470 957 517 987 ‘In
542 957 669 987 nominc
695 958 804 985 sancte
832 974 866 976 -—
895 955 994 985 nostri
1019 964 1101 984 anno
1126 952 1264 984 tertio'2.

472 1008 538 1039 Nos
562 1009 670 1048 itaque
696 1006 938 1037 considerantes
962 1006 1062 1047 ignite
1089 1005 1271 1035 devocionis
1295 1004 1408 1039 zelum,
1434 1014 1496 1044 (1110
1522 1002 1639 1032 dictum
1665 1011 1833 1032 commune
1858 1003 1891 1031 et
1914 1003 2020 1030 nostre

364 1071 491 1091 camere
516 1060 662 1090 homines
687 1059 865 1099 peculiares
883 1058 959 1088 dicti
983 1057 1101 1087 locide
1119 1055 1335 1098 Veg[l]evano
1359 1055 1493 1095 intepidi
1518 1064 1595 1095 erga
1619 1064 1675 1083 nos
1699 1063 1734 1083 ac
1759 1063 1883 1083 sacrum
1900 1052 2020 1082 Roma-

364 1123 439 1143 num
464 1112 632 1152 imperium
658 1110 765 1141 multis
789 1111 852 1140 iam
882 1112 967 1139 retro
991 1108 1190 1150 temporibus
1222 1109 1405 1149 viguerunt,
1435 1107 1577 1147 ipsorum
1606 1104 1773 1135 desideriis
1804 1107 1836 1134 et
1863 1103 2021 1134 affectatis

365 1162 578 1205 petieimiibus
603 1163 718 1192 ostium
751 1160 926 1201 augustalis
956 1159 1125 1190 clementie
1156 1169 1218 1189 11011
1246 1162 1441 1195 reserantes,
1473 1157 1579 1187 omnia
1602 1156 1785 1197 privilegia,
1817 1155 2018 1194 emunitates,

365 1215 543 1251 libertates,
568 1213 734 1251 beneficia,
759 1212 891 1253 gratias,
916 1211 1054 1241 honores
1072 1212 1104 1240 et
1120 1210 1341 1241 concessiones
1366 1209 1458 1239 datas
1482 1219 1537 1239 seu
1555 1218 1722 1238 concessas
1746 1217 1804 1248 per
1820 1206 1910 1237 divos
1933 1207 2019 1247 prin-

367 1267 454 1307 cipes
478 1267 691 1306 impcratores
708 1264 873 1294 Romanos
897 1262 1145 1303 predecessores
1169 1264 1293 1291 nostros
1318 1260 1477 1291 communi
1503 1263 1534 1290 et
1557 1259 1739 1290 hominibus
1756 1258 1934 1295 antedictis,
1959 1268 2020 1298 que

366 1319 397 1348 in
415 1317 639 1358 suprascriptis
658 1315 833 1356 privilegiis
851 1314 1063 1351 eontinentur,
1087 1316 1195 1352 gratas
1220 1316 1251 1342 et
1274 1316 1360 1342 ratas
1384 1311 1540 1342 habentes
1564 1311 1720 1351 presentis
1744 1309 1888 1350 rescripti
1912 1312 2021 1350 patro-

366 1370 448 1400 cinio
474 1368 676 1405 roboramus,
701 1367 941 1404 confirmamus,
973 1365 1205 1406 approbamus,
1235 1363 1428 1394 ratificamus
1457 1373 1493 1393 ac
1526 1363 1623 1393 etiam
1647 1361 1687 1392 de
1712 1372 1793 1392 novo
1819 1360 2022 1391 concedimus

367 1425 400 1451 et
424 1421 620 1450 innovamus.
668 1419 803 1458 Insuper
827 1418 857 1447 in
883 1417 1026 1447 favorem
1052 1415 1127 1445 dicti
1145 1416 1321 1445 communis
1346 1418 1378 1445 et
1394 1415 1557 1445 hominum
1582 1425 1693 1445 01111105
1709 1414 1910 1454 potestarias,
1935 1414 2020 1443 vica-

366 1474 466 1503 riatus
491 1472 592 1502 factos
616 1481 674 1511 per
699 1479 916 1511 quoscumque
942 1479 1037 1509 super
1061 1478 1217 1497 conmunc
1243 1470 1274 1497 et
1298 1467 1442 1496 homines
1466 1466 1626 1506 predictos
1649 1466 1793 1506 personis
1818 1465 2020 1505 quibuscum-

368 1534 429 1564 que
462 1526 493 1553 et
522 1523 707 1563 specialiter
731 1532 787 1561 per
811 1520 951 1550 nobilem
977 1520 1079 1549 virum
1096 1518 1308 1548 Bcrhtoldum
1334 1518 1503 1548 00111110111ιι
1527 1517 1566 1547 de
1584 1517 1700 1557 Nyffen
1725 1517 1799 1547 olim
1824 1517 1855 1546 in
1879 1515 2022 1557 partibus

368 1575 476 1605 Ytalie
501 1578 642 1605 nostrum
669 1574 818 1603 vicarium
853 1571 953 1602 factos
979 1571 1108 1601 Calcino
1135 1570 1173 1600 de
1198 1569 1368 1599 Tui-niellis
1392 1579 1428 1599 ac
1453 1569 1578 1599 Lukino
1603 1568 1792 1599 Vicecomiti
1817 1571 2022 1608 preterquam

369 1626 470 1657 factos
495 1637 551 1666 per
576 1636 642 1661 nos,
668 1625 858 1665 rcprcsalias
889 1633 1014 1664 quoque
1047 1632 1214 1652 concessas
1242 1625 1351 1651 contra
1381 1621 1482 1660 ipsum
1508 1630 1676 1651 commune
1705 1623 1737 1650 et
1765 1619 1910 1649 homines
1935 1629 2021 1649 eom-

368 1678 515 1708 munibus
541 1681 572 1707 ct
596 1676 777 1707 hominibus
802 1675 985 1706 Mediolani.
1011 1674 1124 1714 Papie,
1149 1672 1368 1712 Yerzellarum
1394 1674 1425 1702 et
1449 1672 1582 1702 aliarum
1608 1672 1770 1701 civitatum
1797 1681 2021 1711 quarumcum—

370 1740 431 1770 que
466 1733 496 1759 et
527 1729 779 1759 cmununitatnm
814 1730 924 1757 tenore
957 1725 1152 1767 presentium
1184 1724 1311 1764 penitus
1340 1727 1528 1753 revocantes
1558 1723 1673 1753 nullius
1704 1722 1849 1753 obtinere
1878 1722 2024 1752 volumus

368 1781 491 1812 roboris
520 1781 718 1810 firmitatem.
750 1790 811 1818 quc
839 1778 945 1808 onmia
977 1782 1008 1807 et
1036 1776 1160 1816 singula
1189 1776 1403 1813 annullamus,
1434 1785 1595 1804 cassamus
1620 1778 1651 1804 et
1674 1775 1848 1813 irritamus,
1879 1784 1969 1804 cassa
1992 1777 2024 1803 et

321 1828 326 1834 ’
368 1834 457 1863 irrita
482 1843 551 1862 ess-c
577 1831 722 1861 volumus
748 1831 815 1870 ipso
842 1829 937 1859 facto.
987 1828 1038 1858 Ad
1063 1828 1122 1858 hec
1149 1826 1360 1857 exuberantia
1384 1827 1513 1866 pictatis
1537 1836 1648 1856 omnes
1671 1826 1797 1866 glarias„
1824 1836 1884 1866 que
1909 1825 2023 1855 hucus-

370 1895 432 1925 que
458 1886 665 1914 accreverunt
691 1882 739 1912 vel
758 1885 941 1911 accrescent
966 1882 1163 1920 inp‹1›stei·um
1188 1888 1284 1918 super
1300 1878 1416 1908 flumen
1435 1877 1546 1917 Tyeini
1570 1877 1622 1907 siti
1645 1877 1676 1907 in
1700 1877 1859 1907 territorio
1883 1876 1943 1907 loci
1968 1887 2024 1906 seu

370 1935 463 1976 burgi
481 1935 626 1975 predicti,
652 1934 676 1963 si
702 1933 777 1963 nulli
802 1933 855 1962 alii
881 1931 919 1961 de
944 1932 1220 1971 111101101111100111Ί
1245 1929 1393 1959 conmuni
1417 1932 1449 1959 et
1465 1928 1645 1959 hominibus
1661 1928 1851 1968 supradietis
1867 1929 2024 1968 ipsorum-

373 1997 435 2027 que
461 1985 695 2016 successoribns
720 1995 791 2014 cum
817 1983 963 2013 omnibus
992 1982 1216 2012 emolumentis
1242 1984 1273 2011 ct
1297 1980 1473 2011 commodis
1497 1983 1653 2020 perpetuo
1678 1980 1729 2010 inb
1753 1979 1884 2010 feudum
1912 1989 2026 2009 conce-

372 2038 475 2067 dimus
500 2040 532 2067 ct
556 2037 722 2071 donamus,
749 2035 931 2065 inhibentes
956 2033 1013 2063 snb
1039 2033 1169 2063 obtentu
1196 2032 1314 2062 favoris
1339 2035 1371 2062 et
1394 2032 1497 2072 gratie
1522 2035 1643 2069 nostre,
1668 2042 1707 2061 ne
1732 2032 1802 2071 quis
1827 2042 1897 2069 eos,
1922 2031 2026 2061 cnius-

372 2098 508 2129 cumque
546 2091 647 2117 status
683 2087 814 2123 existat,
852 2096 947 2125 super
979 2085 1070 2114 dictis
1101 2085 1210 2124 glariis
1246 2084 1353 2124 aliquo
1383 2083 1478 2114 modo
1508 2083 1671 2121 molestet,
1702 2082 1846 2123 inpediat
1873 2082 1922 2112 vel
1954 2092 2026 2122 per-

372 2140 487 2170 turbet.
570 2139 656 2168 Nulli
675 2149 750 2177 ergo
770 2138 897 2167 omnino
916 2137 1079 2166 hominum
1096 2136 1191 2166 liceat
1215 2135 1296 2165 hanc
1314 2135 1555 2173 ratifficationis,
1579 2133 1835 2175 approbacionis,
1860 2133 2026 2164 confirma-

373 2191 471 2221 cionis
495 2201 530 2220 ae
556 2191 652 2220 01111111
678 2195 777 2218 nori-⁰
802 2188 1016 2218 e‹;›nccssionis
1042 2188 1191 2227 paginam
1222 2187 1395 2227 infringere
1425 2189 1479 2216 aut
1509 2187 1536 2215 ei
1561 2196 1639 2216 ausu
1664 2186 1835 2215 temerario
1860 2185 2026 2215 contraire.

375 2243 407 2273 Si
433 2243 503 2282 quis
527 2244 634 2271 autem
660 2240 880 2270 contravenire
907 2239 1152 2279 ltu-esumpserit,
1178 2242 1285 2278 111-0101·
1309 2238 1560 2278 indignationem
1590 2240 1729 2267 nostram
1759 2247 1875 2277 penam
1900 2240 2027 2266 centum

374 2304 552 2324 marearum
578 2292 645 2322 auri
670 2292 749 2332 puri,
775 2301 907 2331 quarum
935 2290 1143 2320 medietatem
1169 2290 1243 2319 fisco
1270 2289 1300 2318 id
1327 2293 1373 2319 est
1396 2292 1503 2319 nostre
1527 2288 1684 2329 imperiali
1710 2297 1847 2327 camere,
1871 2287 2028 2327 reliquam

374 2356 450 2375 vero
475 2345 619 2374 iniuriam
646 2343 746 2384 passis
772 2342 926 2382 applicari
950 2341 1110 2377 volumus,
1143 2342 1210 2381 ipso
1236 2341 1320 2371 facto
1345 2351 1378 2371 se
1404 2341 1527 2370 noverit
1550 2340 1757 2370 incursurum.
1810 2339 1845 2368 In
1871 2339 1959 2369 cuius
1983 2338 2029 2368 rei

374 2396 591 2426 testimonium
618 2397 784 2435 presentes
810 2394 932 2423 litteras
958 2393 1112 2422 conscribi
1145 2397 1175 2422 et
1200 2396 1306 2422 nostre
1331 2392 1509 2422 maiestatis
1533 2391 1636 2431 sigillo
1661 2391 1807 2420 iussimus
1831 2389 2027 2419 communiri.

482 2447 600 2477 Datum
625 2446 738 2486 Papio.
763 2444 985 2475 sextodecimo
1012 2445 1128 2474 mensis
1153 2444 1239 2480 Iulii,
1265 2443 1322 2474 sub
1347 2454 1429 2473 anno
1454 2443 1583 2473 Domini
1607 2442 1776 2472 millesimo
1802 2441 2027 2471 trecentesimo

375 2499 531 2539 vigesimo
556 2508 649 2533 nono,
676 2497 853 2526 indiccione
881 2495 1082 2531 duodecima,
1107 2496 1196 2535 regni
1222 2495 1318 2525 nostri
1345 2494 1597 2535 quintodecimo,
1627 2493 1752 2533 imperii
1777 2503 1852 2523 vero
1877 2491 2026 2522 secundo.

479 2609 545 2634 590.
573 2609 595 2639 ²)
615 2609 750 2633 eoninitein
771 2617 807 2631 or.
897 2606 921 2637 1’)
941 2607 966 2630 in
985 2607 1053 2629 linea
1069 2611 1128 2637 pose
1147 2606 1208 2630 add.
1223 2615 1259 2630 or.
1351 2606 1373 2633 ⁰)
1392 2614 1470 2630 noves
1489 2615 1526 2629 vr.

482 2668 505 2700 1)
526 2668 564 2698 (Υ.
579 2667 677 2693 Mrtmi.
689 2671 728 2697 20,
742 2670 777 2692 12.
852 2666 879 2697 ⁴2)
898 2665 1003 2690 Inserta
1018 2667 1081 2689 sunt
1092 2665 1232 2697 prvmlvyiu
1242 2665 1365 2690 [leiim-ici
1376 2664 1424 2689 [V.
1440 2674 1463 2690 ιι.
1477 2668 1541 2689 1064
1554 2663 1726 2696 (Stunzpfnr.
1737 2662 1826 2694 2653)‚·
1847 2661 1979 2686 Friderzei
1990 2661 2027 2686 II.

376 2720 401 2737 α,
421 2714 486 2737 1220.
507 2711 582 2743 (Rzy.
599 2711 657 2743 imp.
680 2710 702 2735 V
718 2718 759 2736 nr.
776 2712 842 2735 1133.
858 2709 942 2741 1195);
964 2708 1088 2733 Hrinricz]
1108 2708 1166 2734 VII.
1187 2717 1210 2733 a.
1227 2712 1292 2733 1:511.
1313 2708 1388 2740 (Moy.
1404 2707 1497 2732 Ham:
1518 2715 1559 2732 ην.
1573 2707 1642 2738 5133).

2038 653 2062 671 10

2040 912 2062 930 15

2039 1167 2064 1186 20

2041 1424 2065 1442 25

2043 1681 2067 1699 ³0

2045 1938 2068 1956 35

2047 2195 2071 2212 40

2047 2449 2071 2467 45
