2205 3025
205 699 229 717 10

206 958 228 975 15

204 1214 228 1233 20

203 1725 213 1741 3
216 1726 227 1741 υ

202 2247 227 2265 40

480 135 577 171 ACTA
597 135 709 164 R-EGNI
729 136 911 163 LUDEWICI
931 137 977 163 IV.
997 137 1042 163 ET
1062 137 1245 163 FRIDERICI
1266 138 1312 164 111.
1353 138 1426 164 1329.
1463 137 1582 164 N12656.
1603 139 1660 164 657.
1843 143 1903 170 555

249 232 307 263 pro
338 222 547 263 participibus
577 223 672 261 suis1,
701 222 837 254 Iacobus
866 223 1017 254 videlicet
1047 223 1086 254 de
1112 223 1271 254 Cathuroo
1301 225 1354 265 qui
1384 235 1418 255 se
1448 235 1566 266 papam
1594 225 1769 256 Iohannem
1795 225 1903 257 XXII.

247 273 378 314 indigne
402 275 560 314 iutytulat,
585 274 671 315 quod
695 274 734 305 de
758 275 885 306 celestis
901 274 1019 305 ordinis
1036 275 1236 306 emulaeione
1253 275 1419 306 descendit
1444 286 1600 307 evacuare
1625 277 1745 315 nititur,
1770 277 1905 308 credens

249 335 321 355 cum
346 324 562 365 superioribus
586 326 766 365 convenire,
791 336 853 366 que
877 329 990 356 natura
1014 336 1077 356 non
1101 326 1264 357 voluntate
1290 326 1456 367 ducuntur,
1481 332 1587 359 nostre
1612 328 1787 359 maiestatis
1813 328 1905 360 iubar

248 375 385 406 intendit
408 377 534 407 mittere
559 377 589 407 in
614 377 777 418 eclypsim,
802 377 876 408 dum
901 378 1036 408 veritate
1065 378 1095 407 in
1120 377 1263 408 fabulam
1291 378 1420 419 plenam
1450 379 1625 409 mendaciis
1655 383 1817 410 comutata
1846 380 1902 410 ad-

248 438 358 458 versus
382 428 491 458 mundi
515 430 621 469 partes
645 428 812 459 nonnullos
835 439 1018 469 processus,
1047 430 1071 459 si
1096 439 1263 469 processus
1292 429 1353 460 dici
1378 430 1521 464 valeant,
1553 433 1584 460 et
1615 431 1767 471 epistolas
1797 434 1903 462 nostre

251 479 446 510 celsitudinis
470 479 590 509 famam
615 483 766 520 quantum
791 481 821 510 in
845 491 883 510 eo
909 483 956 511 est
981 480 1185 521 denigrantes
1210 482 1425 511 transmittere
1450 492 1511 511 non
1536 485 1673 512 veretur.

357 532 384 561 3.
410 531 531 561 Verum
556 532 705 572 quoniam
730 531 892 572 prebentis
916 531 1059 562 auditum
1084 542 1155 562 cum
1180 532 1295 562 effectu
1319 543 1380 562 non
1406 533 1509 563 minor
1533 537 1581 563 est
1605 534 1699 574 culpa
1723 544 1818 574 quam
1844 535 1901 565 ob-

247 581 421 622 loquentis,
447 582 566 613 faciens
590 586 622 613 et
646 583 851 614 consenciens
880 583 1023 614 eiusdem
1054 587 1129 614 note
1160 584 1286 615 macula
1310 588 1553 625 resperguntur,
1583 595 1689 615 caram
1714 585 1902 617 fidelitatem

246 636 401 673 vestram,
437 635 490 675 qui
519 644 577 674 per
606 634 682 664 facti
715 635 969 675 experientian1¹¹
1002 635 1143 665 favorem
1175 638 1315 666 nostrum
1349 636 1430 666 inter
1460 636 1539 666 alios
1574 636 1686 667 fideles
1717 637 1841 677 imperii
1871 641 1904 668 et

248 685 389 726 graciam
424 685 597 723 meruistis,
635 688 757 716 attente
788 685 998 726 frequentatis
1031 687 1196 717 conatibus
1226 688 1415 728 requirimus
1447 692 1479 718 et
1511 698 1676 729 rogamus,
1712 690 1902 720 auctoritate

247 737 346 767 nostri
381 737 526 767 culminis
560 737 760 778 iniungentes
794 737 913 771 eidem,
950 739 1098 778 quatinus
1137 739 1162 768 si
1198 742 1304 770 nostre
1344 739 1522 769 celsitudini
1560 750 1700 780 unquam
1740 740 1903 771 intenditis

247 788 451 829 conplacere,
481 788 520 819 de
545 792 652 819 cetero
676 788 779 819 nullos
803 798 984 829 processus,
1015 789 1068 829 qui
1092 789 1197 820 verius
1222 800 1371 820 excessus
1402 789 1520 820 debent
1549 792 1740 831 nuncupari,
1768 791 1901 831 litteras,

247 841 426 870 sentencias
450 850 506 870 seu
529 841 684 880 rescripta
715 840 772 870 sub
796 850 984 881 quocunque
1015 844 1126 871 tenore
1151 840 1200 871 vel
1229 842 1356 871 nomine
1385 842 1502 881 scripta
1526 841 1577 871 vel
1608 846 1790 883 nuncupata
1819 843 1902 874 illius

246 891 459 932 lieresyarche
483 891 613 932 pessimi
632 892 767 932 primum
784 891 845 921 Dei
870 891 987 922 deinde
1005 892 1124 922 cunctis
1148 892 1297 932 gentibus
1315 892 1427 930 odiosi,
1451 893 1562 923 Iacohi
1579 895 1738 934 prenotati
1755 894 1901 931 dicimus,

249 946 358 973 contra
394 946 535 974 nostram
573 943 774 983 imperialem
809 942 1018 973 clemenciam
1046 943 1097 973 vel
1132 954 1190 984 per
1218 954 1279 983 que
1311 948 1417 974 nostre
1451 943 1630 974 detrahitur
1659 946 1817 976 maiestati
1846 950 1901 977 aut

247 995 361 1025 nostris
385 994 575 1035 sequacibus
599 994 727 1034 aliquod
752 997 861 1034 posset
885 995 1094 1034 preiudiciuin
1118 996 1281 1035 generari,
1312 996 1342 1025 in
1368 999 1474 1025 vestra
1497 996 1625 1026 civitate
1650 999 1704 1026 aut
1729 997 1805 1028 locis
1830 998 1900 1028 aliis

248 1045 545 1076 circumiacentibus
562 1045 652 1075 vobis
676 1045 827 1075 subiectis
844 1045 1001 1086 divulgari
1025 1056 1081 1076 seu
1105 1046 1260 1086 publicari
1285 1047 1455 1086 paciamini
1480 1048 1717 1087 quoquomodo.
1765 1048 1811 1079 Ex
1838 1060 1900 1090 quo

248 1108 376 1138 semper
403 1097 486 1137 grati
516 1100 623 1127 nostre
652 1097 809 1137 imperiali
838 1097 1008 1127 clementie
1038 1098 1184 1137 poteritis
1215 1098 1284 1128 fieri
1312 1098 1483 1138 gracioreS.
1530 1098 1594 1128 Pro
1623 1099 1713 1129 firmo
1743 1105 1900 1139 tenentes,

247 1150 344 1180 immo
369 1148 460 1179 firma
483 1148 599 1179 fiducia
624 1148 801 1188 pollicetur,
827 1148 912 1188 quod
936 1148 1143 1188 imperatorie
1168 1148 1321 1179 claritatis
1344 1150 1500 1179 serenitas
1524 1160 1580 1180 vos
1605 1150 1701 1181 veluti
1725 1151 1796 1190 hos,
1821 1163 1899 1193 quo-

248 1211 316 1231 rum
340 1199 587 1230 sollicitudinem
611 1203 643 1230 et
667 1210 774 1230 curam
799 1199 882 1239 gerit
905 1199 1094 1239 specialem,
1124 1202 1326 1240 vestramque
1358 1201 1519 1230 civitatem
1550 1206 1581 1231 et
1613 1206 1757 1242 posteros
1785 1203 1816 1233 in
1844 1214 1899 1233 sue

247 1252 376 1293 pietatis
400 1252 522 1292 gremio
547 1254 703 1292 perpetuo
728 1250 928 1292 gubernabit.

1490 1297 1506 1316 ·›

1142 1345 1257 1376 Vestre
1282 1346 1378 1376 etiam
1397 1346 1533 1377 civitatis
1557 1347 1695 1377 electum
1713 1348 1899 1389 episcopum

1100 1396 1271 1427 sim-laeum
1306 1397 1495 1428 Pincernani
1536 1398 1686 1429 videlicet
1724 1400 1899 1440 principem

1100 1452 1241 1478 nostrum
1266 1448 1393 1479 fidelem
1420 1453 1452 1479 et
1476 1449 1643 1489 dilectum,
1673 1451 1725 1490 qni
1750 1454 1900 1481 strennue

1098 1503 1129 1529 et
1153 1500 1286 1530 viriliter
1314 1500 1353 1530 ad
1383 1501 1613 1531 exaltationem
1645 1505 1744 1532 status
1776 1502 1898 1542 imperii

1098 1551 1126 1581 in
1152 1553 1214 1581 suis
1239 1552 1330 1582 factis
1359 1564 1392 1581 se
1418 1553 1518 1583 tenuit
1542 1556 1637 1593 atque
1664 1556 1766 1587 tenet,
1797 1553 1897 1583 fideli-

1098 1604 1153 1633 tati
1172 1608 1276 1634 vcstre
1294 1614 1333 1634 ex
1352 1604 1469 1634 intimis
1487 1605 1785 1635 recommendamus
1802 1605 1899 1635 affec-

1102 1655 1280 1685 tuosissime
1326 1656 1515 1695 rogitantes,
1567 1657 1716 1696 quatinus
1762 1656 1899 1687 eundem

1101 1710 1211 1736 contra
1249 1717 1374 1737 omnem
1415 1706 1575 1737 hominem
1616 1708 1673 1738 sibi
1714 1708 1899 1737 contrariari

1101 1757 1272 1795 volentem,
1298 1761 1391 1797 prout
1416 1757 1455 1787 de
1474 1758 1561 1788 vobis
1578 1759 1753 1799 imperialis
1770 1758 1900 1789 confidit

1103 1809 1294 1849 benignitas,
1323 1809 1455 1838 viriliter
1484 1809 1664 1840 defendatis
1693 1814 1723 1840 et
1754 1814 1898 1840 manute-

1099 1861 1200 1890 neatis
1226 1870 1317 1900 posse
1342 1864 1420 1897 toto,
1448 1860 1602 1891 facientes
1626 1865 1660 1891 ut
1684 1872 1723 1891 ex
1742 1861 1801 1891 hoc
1818 1861 1899 1891 ulte-

1098 1912 1171 1947 rius,
1200 1911 1275 1941 licet
1298 1911 1478 1942 adiectione
1503 1922 1564 1942 non
1597 1916 1693 1952 egeat
1722 1912 1898 1953 plenitudo,

1100 1963 1241 2003 graciam
1265 1967 1405 1993 nostram
1432 1964 1619 1993 mereamini
1645 1968 1676 1993 et
1702 1963 1855 1994 favorem.

356 2022 391 2051 In
416 2022 632 2052 testimonium
658 2032 785 2063 quoque
809 2022 1035 2062 premissorum
1060 2028 1225 2063 presentes
1243 2023 1395 2053 conscribi
1421 2027 1452 2053 et
1476 2028 1582 2053 nostre
1600 2024 1776 2054 maiestatis
1794 2023 1898 2064 sigillo

246 2074 394 2103 iussimus
418 2073 581 2103 eomuniri.

356 2133 428 2163 Dat.
455 2132 635 2166 Cremonen
664 2134 695 2163 in
719 2134 828 2173 vigilia
853 2132 999 2173 Symonis
1028 2137 1060 2164 et
1084 2133 1164 2164 Iude
1197 2135 1429 2175 apostolorum,
1463 2145 1544 2164 anno
1571 2134 1699 2165 Domini
1728 2135 1897 2165 millesimo

247 2184 471 2214 trecentesimo
501 2184 651 2215 vicesimo
682 2195 780 2223 nono,
814 2185 986 2215 indictione
1015 2185 1255 2224 terciadecima,
1287 2186 1376 2226 regni
1408 2187 1506 2216 nostri
1537 2196 1618 2216 anno
1649 2186 1896 2227 quintodecimo,

246 2235 371 2276 imperii
398 2245 473 2266 vero
498 2235 647 2266 seeundo.

349 2561 414 2589 656.
434 2562 499 2589 (357.
528 2563 552 2594 h)
573 2572 638 2596 sequ.
658 2568 682 2588 et
702 2563 728 2595 13
747 2573 814 2596 sequ.
833 2570 857 2589 et
875 2573 976 2590 eorsum
995 2564 1019 2590 2.
1108 2565 1125 2596 i)
1146 2567 1165 2590 C
1184 2575 1249 2591 eurr.
1270 2575 1300 2591 ea:
1319 2568 1340 2591 G
1362 2567 1383 2591 l.

353 2644 376 2671 1)
398 2642 437 2674 Cf.
458 2642 522 2668 Ebr.
542 2649 563 2675 1,
579 2647 599 2670 9.
