2205 3025
152 686 176 704 10

154 943 176 961 15

152 1198 177 1217 20

156 1456 179 1474 25

155 1713 180 1731 30

156 1994 180 2012 35

157 2251 184 2269 40

160 2686 184 2704 45

467 125 562 152 ACTA
581 125 693 151 REGNI
714 124 897 151 LL‘DEWICI
916 125 962 151 IV.
982 124 1027 150 ET
1047 124 1229 150 FRIDERICI
1248 124 1294 150 ΙΙΙ.
1333 124 1408 150 1323.
1445 124 1491 149 Nr.
1505 124 1563 150 462.
1781 126 1837 155 331

192 224 263 244 eum
287 213 426 243 anzianis
450 212 573 253 populi,
603 212 789 243 consiliariis
813 215 844 242 et
872 211 941 242 aliis
970 211 1154 241 offitialibus
1178 211 1254 241 dicti
1277 212 1419 241 comunis
1444 211 1634 241 electionem
1659 210 1734 241 dieti
1758 211 1842 240 vica-

192 266 290 295 riatus
315 269 346 295 et
370 265 492 294 litteras
516 263 714 294 continentes
739 263 841 303 ipsum
866 263 1053 293 vicariatum
1078 266 1109 292 et
1134 262 1268 293 formam
1293 263 1391 303 ipsius
1409 266 1440 292 et
1462 263 1560 292 etiam
1584 262 1707 292 litteras
1732 272 1843 292 eorum

191 315 334 346 mandati
361 326 397 346 ae
425 315 547 346 litteras
575 315 793 355 preceptor-ias
818 314 993 345 destinatas
1023 324 1079 354 pro
1111 316 1201 354 parte
1234 313 1377 344 eiusdem
1406 313 1526 344 domini
1558 313 1760 354 imperatoris
1787 323 1842 343 an-

191 368 288 397 zianis
312 370 344 397 et
367 367 493 397 comuni
516 366 676 403 Pisarum„
709 365 794 406 quod
825 365 908 396 dieto
934 365 1061 395 domino
1092 365 1165 395 duci
1193 368 1345 405 tanquam
1374 365 1533 395 maiestati
1562 375 1617 395 sue
1642 365 1672 394 in
1698 364 1844 394 omnibus

192 418 331 449 debeant
363 418 526 456 obedire¹‚
559 417 643 447 dieto
679 417 807 447 domino
840 417 912 446 duci
940 416 1060 446 ibidem
1092 417 1232 456 presenti
1265 417 1333 446 viee
1362 420 1394 446 et
1423 416 1549 446 nomine
1578 416 1755 446 maiestatis
1784 416 1842 445 im-

192 471 352 510 peratorie
381 472 618 510 presentarunt,
644 468 760 498 Christi
785 468 912 498 nomine
937 472 969 498 et
993 468 1111 498 auxilio
1136 468 1303 506 invocatis,
1328 467 1517 497 mandantes
1542 467 1647 497 eidem
1672 478 1728 508 pro
1753 470 1844 507 parte

193 520 269 551 dieti
303 521 423 551 domini
454 521 670 560 imperatoris,
707 524 740 549 ut
769 520 959 550 electionem
989 519 1064 549 dieti
1093 519 1264 548 vicariatus
1293 522 1462 559 acceptare
1494 518 1629 549 deberet
1663 521 1694 548 et
1725 518 1842 548 dictum

193 582 327 612 regumn
351 572 489 602 fideliter
513 581 675 601 exercere.

303 625 331 653 3.
358 623 419 658 Qui
444 623 546 653 dietus
570 622 716 652 dominus
741 621 805 651 dux
830 622 913 651 faeta
937 620 995 650 sibi
1020 621 1257 661 presentatione
1275 620 1419 661 predicta
1437 620 1544 650 volens
1562 624 1594 650 et
1611 620 1740 661 cupiens
1756 630 1845 650 mau-

197 674 278 705 datis
303 674 521 714 imperialibus
545 674 575 703 iu
601 673 746 703 omnibus
770 672 914 709 obedire,
939 672 979 702 ad
1004 671 1142 705 laudem.
1167 672 1319 702 honorem
1339 676 1371 702 et
1390 672 1602 702 reverentiam
1620 671 1846 712 omnipotentis

192 726 255 756 Dei
284 730 315 756 et
349 726 443 756 beate
468 725 569 755 Marie
595 734 723 764 semper
746 723 875 764 virginis
899 724 1008 753 matris
1034 724 1100 753 eius
1124 728 1156 753 et
1179 724 1274 753 totius
1298 723 1383 753 curie
1408 723 1547 763 paradisi
1571 727 1603 753 ct
1627 723 1667 753 ad
1691 723 1846 753 honorem

194 781 226 808 et
250 777 460 808 reverentiam
486 775 675 806 sanetissimi
700 775 798 815 patris
816 774 934 804 domini
952 774 1076 804 Nieolai
1098 785 1181 814 pape
1205 775 1303 814 quinti
1329 777 1361 804 et
1384 778 1492 804 sancte
1518 775 1626 804 matris
1651 774 1785 804 ecclesie
1809 784 1845 803 ae

194 829 358 867 honorem,
384 828 613 859 exaltationem
638 837 675 857 ac
697 827 831 867 gloriam
850 826 966 866 prefati
984 826 1177 856 serenissimi
1194 826 1345 865 principis
1361 825 1481 855 domini
1497 825 1650 856 Ludoviei
1667 825 1727 855 Dei
1745 825 1846 865 gratia

194 880 437 919 Ronmanorum]
463 879 665 919 imperatoris·
699 883 729 908 et
755 877 793 907 ad
820 877 973 907 honorem
999 887 1054 907 sue
1079 886 1213 916 persone
1239 887 1274 906 ae
1299 880 1415 906 statum
1441 887 1627 916 prosperum
1652 876 1787 906 civitatis
1810 886 1846 906 ac

195 932 354 962 districtus
383 931 529 961 Pisarum
566 934 596 960 et
632 930 774 959 comunis·
809 935 841 959 et
876 929 984 968 populi
1015 929 1112 968 ipsius
1144 931 1176 957 et
1204 928 1343 957 omnium
1378 927 1566 957 dilectorum
1595 927 1735 957 fidelium
1765 927 1846 957 sacri

193 983 330 1014 Romani
366 983 491 1022 imperii
522 981 563 1011 ad
595 981 767 1021 dampnum
802 984 834 1010 et.
865 980 1090 1010 exterminium
1120 978 1287 1010 rebellium
1316 979 1430 1018 ipsius,
1463 978 1580 1009 dietum
1606 979 1791 1009 vicariatum
1816 985 1847 1008 et

194 1036 337 1075 regimen
369 1034 451 1064 dicte
484 1034 620 1063 civitatis
651 1038 682 1062 et
715 1032 876 1062 districtus
902 1031 1047 1061 l'isarum
1082 1037 1112 1060 et
1141 1030 1411 1070 presentationem
1437 1029 1496 1059 sibi
1521 1029 1560 1059 (le
1586 1040 1623 1059 eo
1648 1029 1765 1060 factam
1791 1039 1848 1069 per

195 1086 296 1118 dietos
321 1085 467 1116 dominos
491 1085 628 1115 barones
652 1088 766 1124 sponte
792 1088 823 1113 et
847 1083 1024 1113 liberaliter
1048 1083 1237 1122 acceptavit.
1274 1081 1314 1111 Et
1339 1081 1482 1121 promisit
1508 1085 1539 1110 et
1563 1081 1676 1111 iuravit
1700 1082 1728 1110 in
1747 1081 1847 1111 mani—

195 1137 253 1167 bus
282 1137 438 1167 dietorum
469 1136 645 1176 principum
672 1139 702 1165 ct
727 1135 880 1165 baronum
907 1135 1116 1174 reeipientum
1142 1144 1198 1173 pro
1225 1132 1310 1162 dieto
1336 1132 1464 1162 domino
1490 1133 1698 1172 imperatore,
1730 1131 1847 1161 dictum

196 1189 338 1229 regimen
356 1192 388 1218 et
409 1188 542 1217 offitium
569 1187 661 1223 benc.
687 1186 834 1227 legaliter
859 1189 890 1216 et
914 1185 1051 1215 fideliter
1076 1185 1182 1215 faeere
1208 1188 1239 1214 et
1263 1194 1414 1214 exercere
1439 1183 1621 1224 dictamque
1640 1183 1799 1213 civitatem
1818 1185 1850 1212 et

196 1240 357 1270 districtus
381 1239 527 1269 Pisarum
552 1238 592 1268 ad
617 1238 782 1272 honorem.
813 1237 1022 1267 reverentiam
1050 1240 1081 1266 et
1106 1235 1322 1266 obedientiam
1348 1235 1421 1265 dicti
1448 1234 1566 1264 domini
1591 1234 1794 1274 imperattwis
1818 1237 1849 1263 et

195 1291 332 1321 Romani
358 1291 481 1331 imperii
508 1294 540 1320 et
556 1290 596 1320 ad
621 1293 738 1320 statum
761 1300 888 1319 snorum
915 1289 1068 1319 fidelium.
1094 1287 1134 1317 ad
1159 1287 1332 1328 dampnum
1358 1290 1389 1316 et
1407 1286 1581 1326 perieulum
1599 1296 1726 1316 suorum
1745 1284 1849 1315 rebel-

196 1343 271 1372 lium
301 1346 522 1374 manutenere.
558 1341 737 1382 gubernare
767 1345 799 1371 et
827 1340 1001 1374 custodire,
1034 1340 1079 1369 ius
1109 1343 1140 1369 et
1168 1339 1320 1368 iustitiam
1349 1338 1518 1378 unicuique
1548 1338 1653 1367 faeere
1680 1347 1737 1377 per
1760 1346 1794 1366 se
1819 1340 1850 1366 et

197 1394 383 1425 substitutos
409 1398 440 1424 et
464 1393 613 1424 offitiales
637 1404 710 1423 suos
728 1397 758 1423 et
783 1393 888 1422 onmia
912 1398 943 1422 ct
968 1392 1089 1431 singula
1117 1391 1223 1420 facere
1249 1398 1280 1420 et
1304 1400 1466 1425 exercerc,
1491 1400 1552 1430 que
1577 1389 1617 1419 all
1642 1389 1795 1418 honorem
1820 1395 1851 1417 et

199 1445 333 1486 gloriam
359 1445 502 1475 eiusdem
529 1444 648 1475 domini
674 1445 875 1485 imperatoris
900 1448 931 1473 et
955 1443 995 1473 ad
1021 1446 1137 1472 statum
1163 1441 1247 1472 dicte
1269 1442 1405 1471 civitatis
1422 1446 1454 1471 et
1471 1441 1609 1471 omnium
1628 1450 1753 1469 suorum
1771 1439 1850 1469 fide-

198 1497 274 1527 lium
300 1497 414 1527 viderit
445 1496 624 1527 redundare
654 1500 684 1526 et
710 1507 771 1536 que
797 1496 825 1525 in
852 1496 990 1536 presenti
1017 1495 1194 1525 iuramento
1219 1493 1431 1533 requiruntur.
1457 1493 1519 1522 acsi
1545 1491 1594 1521 hic
1620 1495 1725 1521 essent
1749 1491 1850 1530 speei-

197 1548 291 1578 ficata
316 1552 348 1578 et
373 1548 544 1578 declarata.

310 1602 337 1629 4.
356 1599 478 1634 Quibus
493 1600 536 1629 sic
554 1599 692 1639 peractis
710 1599 825 1638 prefati
843 1597 979 1627 barones
997 1600 1027 1626 et
1046 1600 1268 1636 procuratores
1286 1595 1361 1624 ‹lieti
1379 1594 1496 1624 domini
1515 1594 1716 1634 imperatoris
1734 1593 1851 1623 dictum

200 1651 362 1681 dominum
389 1651 501 1681 ducem
529 1650 567 1680 (le
593 1650 677 1680 dicto
704 1650 866 1681 vicariatu.
892 1648 1110 1679 dominatione
1135 1658 1171 1678 ac
1197 1647 1349 1687 regimine
1375 1645 1459 1676 dicte
1485 1646 1620 1676 civitatis
1645 1652 1675 1675 ct
1693 1645 1851 1674 districtus

199 1702 343 1732 I'isarum
370 1702 597 1733 investiverunt
621 1702 829 1742 corporaliter
854 1711 910 1741 pcr
934 1700 1146 1730 bacclwttam.

307 1779 387 1809 Acta
413 1782 445 1809 ct
469 1779 630 1809 celebrata
655 1780 781 1808 suerunt
806 1779 911 1808 omnia
938 1782 969 1807 et
994 1777 1119 1818 singula
1145 1776 1327 1816 supradicta
1352 1776 1381 1805 in
1407 1776 1534 1805 civitate
1552 1775 1695 1804 pisarum
1722 1773 1852 1803 indicta

199 1830 310 1860 maiori
346 1830 481 1861 ecelesia
511 1830 608 1860 Sante
634 1831 734 1861 Marie
771 1829 853 1860 ‹liete
883 1829 1019 1859 civitatis
1048 1830 1077 1858 in
1107 1828 1250 1869 generali
1279 1831 1311 1857 et
1340 1827 1466 1867 publico
1498 1826 1696 1866 parlamento
1726 1825 1754 1854 in
1784 1825 1852 1864 ipsa.

200 1881 334 1912 ecelesia
360 1887 566 1922 congregate.
591 1881 648 1912 sub
673 1882 762 1911 annis
779 1881 907 1911 Domini
932 1880 972 1911 ab
991 1879 1133 1910 eiusdem
1156 1880 1320 1910 nativitate
1339 1878 1506 1908 millesimo
1524 1877 1746 1907 trecentesimo
1765 1876 1852 1915 vige-

200 1933 279 1963 simo
297 1936 420 1972 octavo,
444 1933 616 1963 indictione
634 1933 692 1972 XI,
717 1933 768 1963 die
788 1932 962 1963 XXVIIII.
981 1932 1067 1965 Maii,
1094 1930 1294 1971 presentiljais
1311 1929 1485 1959 venerabili
1503 1932 1593 1969 patre
1611 1928 1738 1958 domino
1756 1927 1853 1957 fratre

200 1983 344 2014 Gerardo
370 1983 429 2015 Dei
459 1986 561 2025 gratia
587 1986 736 2025 episeopo
763 1984 948 2020 Alleriensi„
980 1983 1156 2023 magnificis
1180 1982 1253 2012 viris
1283 1981 1409 2011 domino
1433 1980 1572 2010 Galeazo
1591 1979 1788 2009 Vi‘eeeomite
1814 1978 1852 2007 ile

199 2035 392 2075 Mediolano,
417 2036 545 2066 domino
564 2036 706 2067 Iohanne
733 2038 829 2066 fratre
854 2045 909 2065 suo
935 2039 966 2065 et
988 2034 1116 2064 domino
1135 2035 1244 2064 Azone
1262 2033 1329 2063 eius
1347 2032 1421 2064 filio,
1447 2031 1622 2061 reverendo
1641 2031 1706 2060 viro
1725 2029 1853 2060 domino

197 2086 318 2117 Lazaro
353 2089 504 2127 magistro
530 2087 708 2128 Hospitalis
733 2087 839 2117 Sancti
866 2086 974 2127 Iacopi
1007 2086 1045 2116 de
1071 2085 1258 2125 Altopasso.
1289 2083 1446 2114 nobilibus
1476 2083 1549 2112 viris
1583 2082 1710 2112 domino
1735 2080 1853 2111 Iacobo

200 2137 239 2168 de
264 2138 394 2169 Vezano
420 2140 588 2179 capitaneo
614 2150 728 2179 guerre
759 2139 895 2169 civitatis
919 2138 1080 2172 Pis-arum,
1113 2136 1242 2167 domino
1268 2135 1334 2165 Oce
1359 2135 1525 2165 Macaione
1551 2134 1590 2163 de
1615 2132 1790 2163 Gualandis
1814 2131 1853 2161 (le

200 2189 282 2220 Pisis
307 2194 337 2220 et
362 2189 490 2220 domino
516 2190 659 2220 Iohanne
685 2190 724 2220 de
747 2190 934 2220 Castillione
960 2193 992 2219 et
1017 2189 1144 2218 domino
1162 2187 1318 2227 Faggiolo
1345 2186 1383 2216 de
1401 2185 1525 2216 casulis·
1550 2184 1705 2215 iudicibus
1730 2188 1761 2213 et
1785 2183 1854 2213 aliis

203 2240 344 2280 pluribus
369 2241 501 2272 testibus
525 2241 565 2272 ad
591 2241 649 2272 hee
675 2241 792 2271 habitis
817 2245 848 2271 et
873 2241 1002 2271 vocatis.

308 2292 350 2330 (S.
360 2292 410 2332 N.)
425 2292 617 2334 EgoYerius
631 2293 705 2323 olim
719 2293 797 2323 Mini
811 2292 995 2322 Borcstauri
1010 2291 1048 2321 ‹le
1063 2291 1175 2321 Aretio
1191 2290 1350 2330 imperiali
1364 2289 1553 2319 auctoritate
1568 2287 1664 2317 iudex
1679 2286 1853 2317 ordinarius

201 2346 296 2383 atque
322 2345 462 2374 notarius
486 2344 632 2384 publicus
657 2348 688 2375 et
712 2355 792 2374 nune
818 2344 958 2374 notarius
984 2347 1015 2373 et
1039 2342 1139 2373 scriba
1167 2352 1293 2372 camere
1319 2341 1393 2371 dieti
1417 2339 1535 2370 domini
1561 2339 1762 2379 imperatoris
1781 2347 1853 2377 pre-

202 2393 292 2424 dictis
323 2395 467 2426 omnibus
501 2395 629 2426 interfui
660 2406 763 2436 eaque
798 2400 927 2435 rogatus
959 2394 998 2424 de
1023 2393 1174 2424 mandato
1200 2393 1356 2422 dictorum
1381 2391 1533 2421 baronum
1559 2394 1591 2420 et
1615 2392 1853 2430 procuratorum

201 2444 277 2475 dieti
302 2445 421 2476 domini
446 2447 648 2487 imperatoris
672 2447 798 2487 scripssi
826 2450 857 2476 et
881 2445 1050 2486 publicavi.

309 2680 332 2711 l)
353 2680 475 2705 Sem-ntae
496 2688 547 2704 mm
568 2683 639 2704 sunt.
