2205 3025
150 699 175 718 10

150 956 173 974 15

150 1211 175 1230 ⁴20

150 1467 174 1485 25

151 1722 175 1741 80

149 1979 174 1997 35

148 2233 176 2251 40

151 2489 176 2507 45

450 140 545 166 ACTA
565 140 676 167 REGNI
696 140 877 167 LUDEWICI
898 141 943 167 1V.
962 141 1007 167 ET
1029 142 1210 169 FRIDERICI
1230 143 1277 169 ΙΙΙ.
1316 143 1388 170 1329.
1426 143 1473 169 Nr.
1487 144 1545 170 575.
1780 147 1840 175 477

194 228 357 266 poterant,
382 226 484 266 ipsum
510 225 669 256 fautorem
692 226 906 257 hereticorum
934 227 1060 267 publice
1091 228 1314 259 nichilominus
1343 229 1542 260 declarantes
1553 230 1573 269 ¹,
1598 234 1691 270 prout
1721 230 1780 260 hec
1811 230 1841 260 in

193 277 307 307 nostris
330 276 531 317 processibus
554 277 584 306 in
609 277 801 307 consistoriis
826 277 960 318 publicis
984 280 1112 319 copiosa
1136 283 1285 320 presente
1309 280 1511 311 multitudine
1535 280 1675 311 fidelium
1701 281 1841 322 promul-

192 328 276 368 gatis
300 327 424 368 plenius
448 328 659 364 continentur,
684 331 788 358 cartas
812 339 868 359 seu
891 329 1094 360 membranas
1118 330 1220 362 dictos
1244 332 1442 362 continentes
1466 341 1633 372 processus
1657 335 1689 362 et
1712 336 1840 362 senten-

194 380 254 409 tias
278 379 308 409 in
333 378 469 409 ecclesia
493 378 727 417 Avinionen(si)
753 379 891 419 appendi
915 380 966 409 vel
989 380 1078 421 affigi
1102 382 1190 411 ostiis
1216 381 1381 420 facientes,
1412 383 1498 422 ipsos
1522 393 1689 422 processus
1713 386 1746 414 et
1768 393 1840 413 sen-

194 430 310 460 tentias
334 428 556 459 nichilominus
581 428 769 459 destinando
799 431 889 470 quasi
913 430 1058 461 omnibus
1082 432 1319 463 venerabilibus
1344 433 1492 463 fratribus
1517 433 1630 464 nostris
1655 434 1841 474 patriarchis

194 484 226 512 et
249 480 497 521 archiepiscopis
521 490 697 520 eorumque
722 480 941 520 suffraganeis,
966 485 1000 511 ut
1024 492 1079 511 eos
1102 483 1166 512 suis
1190 483 1323 513 subditis
1347 484 1554 524 publicarent.

302 534 330 562 2.
364 531 405 562 Et
422 531 496 572 quia
520 541 577 561 nec
602 531 646 561 sic
670 530 711 560 ad
736 531 820 561 viam
845 531 939 561 rediit
956 534 1107 571 veritatis,
1132 534 1188 564 sed
1212 535 1317 574 potius
1340 535 1498 575 perversis
1521 536 1659 565 intentus
1683 535 1842 576 dogmati-

194 583 252 614 bus
276 584 306 613 in
324 583 411 613 illam
428 581 622 613 noscebatur
639 582 792 612 insaniam
818 584 1009 623 prorupisse,
1035 584 1118 624 quod
1137 585 1343 625 dampnatam
1360 586 1496 616 heresim
1513 596 1571 626 per
1587 586 1844 616 constitutionem

193 637 334 665 nostram
359 644 420 674 quc
438 634 548 674 incipit
570 631 662 663 ‘Cum
680 633 783 672 inter',
808 633 959 664 videlicet
982 635 1067 675 quod
1086 635 1211 666 Christo
1236 640 1268 666 ct
1291 637 1443 676 apostolis
1466 638 1496 667 in
1520 637 1615 667 rebus
1639 647 1717 677 quas
1740 637 1840 667 habu-

195 689 285 716 erant
309 685 429 716 nullum
454 686 501 715 ius
526 685 745 724 competierat,
771 685 827 714 sed
853 686 1073 716 tantummodo
1098 687 1128 716 in
1153 688 1198 717 eis
1215 687 1392 718 habuerant
1415 698 1506 718 usum
1531 688 1616 727 facti,
1640 701 1763 719 asserere
1780 701 1839 726 pre-

194 743 352 775 sumpserat
368 741 479 775 publice
503 749 535 766 ac
559 740 588 766 in
613 739 672 765 eius
690 741 834 773 presentia
858 750 907 774 per
930 741 1008 772 alios,
1034 743 1065 767 ut
1088 742 1181 775 plures
1206 742 1234 768 in
1251 743 1293 768 sui
1310 743 1411 769 erroris
1427 744 1538 769 devium
1555 744 1688 774 traheret,
1713 744 1843 769 fecerat

193 793 342 827 publicari,
366 792 511 818 *libellum
528 791 669 825 quendam
692 790 839 827 preterea
865 792 958 825 sigillo
975 801 1024 818 suo
1049 793 1076 818 in
1102 794 1155 819 eo*
1171 795 1316 827 appenso*
1334 794 1489 827 predictam
1505 794 1696 820 continentem
1713 794 1840 824 heresim.

193 844 318 871 scilicet
334 844 409 877 quod
425 843 536 869 Christo
553 845 581 869 et
597 842 735 876 apostolis
760 843 788 868 in
805 843 886 868 rebus
904 852 972 876 quas
989 844 1147 870 habuerant
1163 845 1270 870 nullum
1294 845 1336 871 ius
1353 845 1506 878 competiit,
1531 846 1579 871 sed
1602 842 1633 871 in
1655 841 1717 871 illis
1741 841 1841 871 habu-

195 895 287 922 erunt
304 895 500 921 tantummodo
518 903 568 920 usu
577 904 602 920 m
628 894 704 925 sacti,
723 894 734 908 *
746 894 797 920 hoc
814 894 925 920 adiecto
942 895 1017 927 quod
1033 895 1124 921 dicere
1142 896 1312 922 contrarium
1329 897 1484 922 hereticum
1501 898 1542 922 est
1559 897 1735 928 censendum,
1759 898 1843 930 prout

194 948 265 973 *nos
289 949 318 973 et
335 947 429 980 plures
453 955 486 972 ex
510 946 615 972 nostris
633 945 767 971 fratribus
791 945 819 971 in
844 945 961 972 diversis
986 946 1109 972 libellis*
1126 947 1184 973 eius
1209 947 1321 981 sigillo*
1340 947 1470 981 sigillatis
1488 947 1607 973 vidimus
1625 948 1770 979 contineri,
1793 956 1842 981 per

193 1000 284 1024 certos
308 998 422 1024 nuntios
447 997 481 1022 ad
498 997 622 1023 diversas
640 997 790 1023 civitates*
806 997 992 1023 Alamanniea
1016 1000 1045 1023 ct
1069 994 1306 1024 circumvicinas
1331 997 1437 1034 partes
1461 1005 1498 1025 ao
1519 999 1600 1025 ltalie
1616 1001 1645 1025 et
1668 995 1840 1025 earundem

194 1045 358 1076 *tirannosb
382 1049 570 1081 aliarumque
600 1048 723 1082 partium
752 1048 985 1079 transmiserat,
1015 1049 1140 1075 libellum
1170 1050 1260 1082 ipsum
1289 1050 1318 1075 in
1346 1050 1414 1076 locis
1442 1050 1517 1083 affigi
1542 1050 1660 1083 publicis
1688 1052 1716 1076 et
1740 1050 1842 1083 exponi

193 1101 305 1135 publice
329 1100 444 1131 faciem,
469 1102 500 1126 ut
524 1100 641 1126 haberet
664 1099 697 1125 de
722 1101 803 1125 tanta
828 1102 856 1125 et
879 1100 931 1126 tali
955 1100 1065 1126 insania
1088 1101 1182 1134 plures
1207 1102 1302 1131 testes,
1327 1110 1360 1126 cx
1384 1101 1484 1133 quibus
1508 1101 1664 1127 evidentius
1688 1101 1843 1134 apparebat

193 1151 284 1185 ipsum
309 1151 462 1177 asseruisse
487 1151 679 1185 pertinaciter,
705 1152 735 1177 fo
747 1160 779 1177 re
804 1151 974 1177 catholicum
999 1151 1074 1183 quod
1098 1151 1253 1177 hereticum
1284 1157 1354 1177 esse
1383 1158 1440 1187 pel·
1466 1152 1577 1178 dictam
1601 1152 1842 1178 constitutionem

195 1198 392 1229 declaratum
417 1198 522 1228 fuerat
546 1205 578 1228 et
602 1203 757 1229 hereticum
782 1203 857 1235 quod
881 1202 1050 1228 catholicum
1067 1203 1144 1228 dicta
1160 1203 1326 1228 constitutio
1351 1198 1528 1229 evidentius
1551 1199 1759 1239 supponebat,
1784 1212 1843 1236 pre-

192 1254 310 1280 sertim
334 1263 398 1280 cum
424 1255 451 1280 in
477 1249 561 1280 dicto
586 1254 682 1280 libello
712 1249 813 1280 dictus
837 1249 1019 1279 Ludovicus
1048 1254 1170 1279 asserat
1197 1263 1225 1280 se
1250 1255 1277 1279 in
1302 1254 1423 1287 plurium
1447 1254 1552 1280 iurasse
1576 1254 1726 1288 presentia,
1751 1255 1844 1280 omnia

192 1307 327 1332 contenta
351 1306 379 1331 in
403 1301 487 1331 dicto
512 1306 607 1332 libello
632 1314 660 1331 se
685 1306 797 1332 credere
822 1314 881 1331 esse
907 1314 979 1335 vcra,
1005 1311 1061 1330 nos
1085 1311 1155 1331 cum
1180 1301 1335 1341 premissa
1359 1300 1440 1331 adeo
1466 1304 1573 1331 essent
1600 1301 1733 1337 notoria,
1759 1301 1843 1341 quod

192 1352 366 1393 nequibant
398 1353 662 1393 tergiversatione
687 1352 794 1393 aliqua
825 1351 992 1391 occultari,
1023 1356 1111 1382 certa
1142 1351 1192 1382 die
1223 1352 1329 1382 eidem
1358 1352 1520 1382 Ludovico
1547 1352 1668 1392 prefixa
1696 1356 1843 1392 presente

193 1403 396 1434 multitudine
421 1405 552 1444 copiosa
568 1403 722 1443 fidelium,
747 1407 781 1434 ut
805 1414 900 1444 super
924 1404 1086 1443 premissis
1103 1405 1226 1433 veniret
1249 1403 1413 1434 auditurus
1437 1404 1627 1433 sententiam
1651 1407 1683 1434 ct
1706 1403 1845 1434 facturus

194 1454 280 1495 quod
305 1455 422 1485 iustitia
446 1455 605 1493 suaderet,
631 1466 702 1486 cum
728 1455 811 1485 dicta
836 1455 887 1485 dic
912 1466 973 1485 nou
998 1459 1199 1495 compareret
1222 1465 1280 1485 ncc
1305 1459 1418 1495 postea
1435 1458 1623 1494 expectatus
1647 1454 1763 1484 diutius
1787 1465 1844 1484 nec

194 1506 310 1547 aliquis
336 1517 392 1547 pro
417 1506 543 1545 eodem,
570 1506 609 1537 de
633 1507 765 1537 fratrum
791 1506 979 1537 eorumdem
996 1507 1126 1536 consilio
1152 1510 1299 1547 presente
1324 1506 1466 1536 fidelium
1491 1505 1691 1536 multitudine
1716 1506 1845 1545 copiosa

193 1557 332 1588 eundem
351 1558 549 1588 Ludovicum
575 1559 605 1588 in
623 1557 740 1588 dictam
761 1558 909 1588 incidisse
927 1558 1064 1588 heresim
1083 1568 1119 1587 ac
1137 1558 1204 1588 fore
1221 1557 1397 1588 hereticum
1415 1557 1614 1587 declarantes
1631 1557 1732 1597 ipsum
1750 1557 1843 1587 velud

193 1610 371 1640 hereticum
396 1609 633 1650 reprobandum
660 1609 808 1640 duximus
834 1613 865 1639 et
889 1609 1122 1639 sententialiter
1146 1608 1444 1648 condempnandum
1454 1608 1475 1637 ².

304 1664 331 1691 25.
368 1659 451 1691 Sane
476 1660 587 1690 infelix
611 1660 707 1691 homo
734 1662 791 1691 iste
817 1671 834 1690 a
860 1660 1005 1701 predicta
1031 1660 1135 1690 heresi
1161 1660 1282 1690 resilire
1308 1663 1537 1699 contempnens
1564 1669 1597 1689 se
1621 1658 1683 1688 alia
1707 1659 1846 1688 noscitur

195 1712 374 1743 involvisse.
421 1711 551 1742 Dudum
577 1712 706 1752 quidem
732 1711 773 1742 ad
797 1715 936 1742 nostram
962 1711 1157 1741 audientiam
1183 1711 1338 1741 relatione
1364 1715 1427 1740 tam
1453 1709 1574 1740 verbali
1598 1720 1692 1750 quam
1717 1709 1846 1740 litterali

194 1763 330 1803 plurium
355 1763 536 1793 sublimium
562 1773 769 1803 personarum
793 1773 917 1793 necnon
943 1763 1027 1792 fama
1052 1762 1179 1802 publica
1203 1762 1381 1792 notoriante
1405 1761 1570 1801 perducto,
1595 1761 1679 1800 quod
1704 1760 1764 1790 duo
1790 1761 1845 1790 viri

193 1824 332 1854 nequam
358 1814 544 1854 perditionis
568 1814 624 1844 filii
655 1819 687 1844 ct
711 1814 945 1845 maledictionis
970 1813 1126 1853 alumpni,
1160 1813 1310 1843 videlicet
1333 1812 1509 1842 Marsiliusc
1533 1813 1572 1842 dc
1595 1811 1707 1842 Padua
1737 1814 1768 1841 ct
1792 1811 1844 1841 Ιο-

192 1865 314 1896 hannes
338 1865 378 1895 de
396 1865 551 1904 Ianduno,
577 1865 737 1906 querulam
755 1865 871 1896 librum
896 1868 1142 1905 composuerant
1166 1865 1247 1894 inter
1268 1864 1368 1894 multa
1392 1863 1455 1893 alia
1472 1874 1604 1893 erronea
1621 1863 1845 1897 continentem,

193 1916 280 1958 quod
305 1916 345 1946 ad
370 1917 597 1957 imperatorem
623 1920 748 1957 spectat
778 1927 895 1957 papam
926 1917 1089 1946 instituere
1114 1926 1151 1946 ac
1176 1915 1349 1946 destituere
1375 1919 1407 1945 et
1432 1915 1559 1955 punire,
1592 1925 1649 1944 nos
1673 1924 1768 1954 super
1791 1913 1844 1943 illo

195 1971 227 1998 et
251 1968 410 1998 nonnullis
434 1969 504 1998 aliis
529 1969 715 1999 corumdem
741 1969 882 1999 articulis
907 1969 1049 1999 erroneis
1074 1972 1137 1998 tam
1163 1978 1233 1998 cum
1260 1966 1407 1997 fratribus
1431 1966 1545 1996 nostris
1569 1968 1677 1995 sancte
1700 1964 1844 1994 Romane

195 2019 329 2050 ecclesie
348 2019 563 2050 cardinalibus
581 2030 676 2060 quam
694 2030 764 2050 cum
782 2020 890 2050 multis
907 2020 1115 2049 ecclesiarum
1139 2018 1270 2059 prelatis
1294 2028 1416 2048 necnon
1441 2020 1472 2047 et
1496 2027 1567 2047 cum
1591 2015 1733 2056 pluribus
1757 2025 1844 2045 sacre

193 2070 357 2111 theologie
382 2071 542 2110 magistris
573 2081 608 2101 ac
641 2071 805 2111 utriusque
835 2072 910 2101 iuris
941 2070 1173 2111 professoribus
1197 2073 1269 2100 tunc
1294 2068 1494 2110 presentibus
1522 2069 1552 2098 in
1577 2068 1663 2098 curia
1687 2066 1846 2097 delibera-

195 2122 282 2152 tione
307 2122 477 2162 prehabita
503 2122 662 2161 diligenti,
696 2132 765 2153 cum
793 2123 824 2152 in
849 2122 909 2152 hoc
934 2132 1043 2152 eorum
1069 2121 1261 2152 deliberatio
1286 2120 1454 2155 resideret,
1486 2122 1552 2149 tam
1582 2118 1739 2159 prefatum
1770 2118 1844 2148 arti-

194 2173 299 2203 culum
325 2184 420 2214 quam
447 2174 526 2203 alios
550 2174 579 2203 in
605 2178 712 2204 nostro
738 2183 889 2214 processu
912 2173 1057 2214 predicto
1082 2176 1113 2203 et
1130 2173 1288 2203 sententia
1305 2174 1471 2202 contentos
1495 2180 1564 2201 esse
1589 2180 1676 2200 sacre
1693 2169 1846 2209 scripture

197 2225 372 2255 contrarios
396 2225 536 2266 fideique
561 2225 718 2255 catholice
744 2226 897 2260 inimicos,
924 2225 963 2255 de
989 2224 1174 2255 eorumdem
1201 2224 1333 2254 fratrum
1358 2226 1535 2253 nostrorum
1560 2221 1690 2251 consilio
1715 2221 1745 2250 in
1769 2230 1842 2249 cou-

197 2276 322 2306 sistorio
359 2276 488 2317 publico
526 2280 673 2316 presente
709 2276 852 2307 fidelium
889 2277 1018 2316 copiosa
1054 2275 1257 2306 multitudine
1293 2275 1378 2315 ipsos
1408 2273 1558 2303 articulos
1591 2272 1780 2302 hereticales
1814 2274 1845 2301 et

196 2337 347 2357 erroneos
371 2338 494 2358 necnon
519 2331 551 2357 et
574 2327 735 2368 predictos
760 2327 958 2358 Mar-siliumd
983 2330 1014 2357 et
1032 2327 1207 2357 Iohannem
1232 2326 1391 2356 hereticos
1415 2325 1511 2354 immo
1536 2322 1753 2354 heresiarchas
1778 2322 1844 2351 fore

195 2378 385 2408 manifestos
411 2382 442 2408 et
466 2379 607 2409 notorios
632 2378 842 2409 declarandos
866 2378 1014 2408 duximus
1039 2382 1070 2408 et
1094 2377 1326 2408 sententialiter
1350 2375 1644 2415 condempnandos,
1675 2374 1705 2403 in
1729 2372 1842 2403 eadem

199 2430 356 2460 sententia
381 2429 440 2460 hoc
464 2429 590 2460 adiecto
621 2429 705 2470 quod
736 2431 761 2459 si
793 2431 862 2470 quis
887 2429 1062 2459 doctrinam
1087 2428 1264 2468 predictam
1290 2426 1464 2458 defendere
1489 2436 1543 2456 seu
1568 2424 1746 2466 approbare
1772 2433 1843 2463 pre·

198 2483 358 2519 sumeret,
394 2481 608 2520 cuiuscunque
646 2481 809 2521 dignitatis
845 2485 899 2510 aut
928 2483 1027 2510 status
1060 2480 1227 2509 existeret,
1263 2478 1395 2508 deberet
1431 2477 1470 2507 ab
1502 2476 1646 2507 omnibus
1680 2479 1841 2514 tamquam

198 2532 355 2561 hereticus
380 2532 535 2562 confutari
545 2532 565 2562 ³.

301 2625 366 2651 575.
395 2626 418 2657 a)
436 2627 571 2651 Alamanie
584 2625 608 2650 2.
670 2625 693 2656 ¹1)
713 2631 862 2658 tyrampnos
875 2624 903 2656 Ἐς
923 2630 1044 2657 tyrannos
1057 2623 1081 2650 3,
1144 2625 1166 2654 ⁰)
1186 2624 1316 2648 Massilius
1332 2623 1357 2653 13
1377 2622 1520 2646 Marssilius
1534 2619 1556 2644 2).
1619 2618 1643 2650 ιι)
1662 2619 1802 2642 Massiliam
1822 2617 1841 2641 l.

301 2703 326 2733 1)
346 2702 438 2734 Supra
457 2705 516 2727 tom.
537 2702 577 2727 VI
594 2710 636 2727 rm‘.
650 2704 697 2728 273
714 2704 737 2727 et
759 2705 815 2727 274.
898 2701 924 2733 2)
944 2700 1014 2726 lbid.
1033 2708 1075 2725 σιν.
1088 2702 1142 2725 361.
1230 2699 1255 2728 3)
1273 2698 1423 2724 proces-swa
1442 2697 1562 2721 iteratum
1577 2697 1670 2720 contra
1685 2692 1837 2717 Marselinm

192 2746 218 2769 et
238 2743 387 2770 Iohannem
408 2753 432 2770 α.
449 2748 516 2771 1327.
541 2744 597 2770 Oct.
612 2747 644 2769 23
664 2743 756 2769 datum
777 2753 797 2769 r.
812 2743 934 2775 BMzmer,
955 2742 1018 2775 Req.
1034 2741 1130 2768 Luam.
1146 2751 1173 2774 1¹·
1187 2744 1240 2767 *220
1259 2741 1353 2765 Pahsta:
1371 2748 1413 2765 'mx
1428 2742 1466 2764 63.

1859 580 1885 599 cs.
1901 584 1933 599 nr.
1943 580 1979 599 351

1880 610 1927 630 cap.
1939 607 1956 625 1.

1863 687 1894 701 nr.
1906 683 1942 702 365

1863 712 1908 732 cap.
1921 709 1939 727 2.
