<?xml version="1.0" encoding="UTF-8"?>
<!DOCTYPE html PUBLIC "-//W3C//DTD XHTML 1.0 Transitional//EN"
    "http://www.w3.org/TR/xhtml1/DTD/xhtml1-transitional.dtd">
<html xmlns="http://www.w3.org/1999/xhtml" xml:lang="en" lang="en">
 <head>
  <title>
</title>
<meta http-equiv="Content-Type" content="text/html;charset=utf-8" />
  <meta name='ocr-system' content='tesseract 3.04.00' />
  <meta name='ocr-capabilities' content='ocr_page ocr_carea ocr_par ocr_line ocrx_word'/>
</head>
<body>
  <div class='ocr_page' id='page_1' title='image "./monumentagermani0601geseuoft/monumentagermani0601geseuoft_0569.png"; bbox 0 0 2205 3025; ppageno 0'>
   <div class='ocr_carea' id='block_1_1' title="bbox 0 2076 19 3025">
    <p class='ocr_par' dir='ltr' id='par_1_1' title="bbox 0 2076 19 3025">
     <span class='ocr_line' id='line_1_1' title="bbox 0 2076 19 3025; baseline 0 0"><span class='ocrx_word' id='word_1_1' title='bbox 0 2076 19 3025; x_wconf 95' lang='lat' dir='ltr'> </span> 
     </span>
    </p>
   </div>
   <div class='ocr_carea' id='block_1_2' title="bbox 489 168 1899 202">
    <p class='ocr_par' dir='ltr' id='par_1_2' title="bbox 489 168 1899 202">
     <span class='ocr_line' id='line_1_2' title="bbox 489 168 1899 202; baseline 0.003 -8"><span class='ocrx_word' id='word_1_2' title='bbox 489 168 586 195; x_wconf 84' lang='lat' dir='ltr'>ACTA</span> <span class='ocrx_word' id='word_1_3' title='bbox 606 168 718 194; x_wconf 82' lang='lat' dir='ltr'>REGNI</span> <span class='ocrx_word' id='word_1_4' title='bbox 736 168 919 194; x_wconf 84' lang='lat' dir='ltr'>LUDEWICI</span> <span class='ocrx_word' id='word_1_5' title='bbox 939 168 985 194; x_wconf 86' lang='lat' dir='ltr'>IV.</span> <span class='ocrx_word' id='word_1_6' title='bbox 1005 168 1049 194; x_wconf 76' lang='lat' dir='ltr'>ET</span> <span class='ocrx_word' id='word_1_7' title='bbox 1070 169 1251 196; x_wconf 82' lang='lat' dir='ltr'>FRIDERICI</span> <span class='ocrx_word' id='word_1_8' title='bbox 1272 170 1318 195; x_wconf 84' lang='grc' dir='ltr'>ΙΙΙ.</span> <span class='ocrx_word' id='word_1_9' title='bbox 1357 170 1432 196; x_wconf 71' lang='grc'><strong>1329,</strong></span> <span class='ocrx_word' id='word_1_10' title='bbox 1469 170 1515 198; x_wconf 86' lang='lat' dir='ltr'>Nr.</span> <span class='ocrx_word' id='word_1_11' title='bbox 1531 171 1588 197; x_wconf 79' lang='lat'>629.</span> <span class='ocrx_word' id='word_1_12' title='bbox 1608 171 1666 197; x_wconf 74' lang='lat'>630.</span> <span class='ocrx_word' id='word_1_13' title='bbox 1841 173 1899 202; x_wconf 81' lang='grc'>531</span> 
     </span>
    </p>
   </div>
   <div class='ocr_carea' id='block_1_3' title="bbox 209 254 1904 1374">
    <p class='ocr_par' dir='ltr' id='par_1_3' title="bbox 209 254 1904 1374">
     <span class='ocr_line' id='line_1_3' title="bbox 254 254 1903 296; baseline 0.003 -13"><span class='ocrx_word' id='word_1_14' title='bbox 254 254 416 285; x_wconf 84' lang='lat' dir='ltr'>civitatem</span> <span class='ocrx_word' id='word_1_15' title='bbox 433 255 595 286; x_wconf 84' lang='lat' dir='ltr'>Lucanam</span> <span class='ocrx_word' id='word_1_16' title='bbox 620 266 677 295; x_wconf 90' lang='lat' dir='ltr'>pro</span> <span class='ocrx_word' id='word_1_17' title='bbox 695 255 878 286; x_wconf 85' lang='lat' dir='ltr'>reducendo</span> <span class='ocrx_word' id='word_1_18' title='bbox 903 257 1005 296; x_wconf 85' lang='lat' dir='ltr'>ipsam</span> <span class='ocrx_word' id='word_1_19' title='bbox 1030 256 1193 286; x_wconf 85' lang='lat' dir='ltr'>civitatem</span> <span class='ocrx_word' id='word_1_20' title='bbox 1212 255 1375 286; x_wconf 78' lang='lat' dir='ltr'>Lucanam</span> <span class='ocrx_word' id='word_1_21' title='bbox 1401 257 1440 287; x_wconf 86' lang='lat' dir='ltr'>ad</span> <span class='ocrx_word' id='word_1_22' title='bbox 1466 257 1667 288; x_wconf 85' lang='lat' dir='ltr'>devotionem</span> <span class='ocrx_word' id='word_1_23' title='bbox 1694 260 1725 287; x_wconf 88' lang='lat' dir='ltr'>et</span> <span class='ocrx_word' id='word_1_24' title='bbox 1749 257 1903 288; x_wconf 88' lang='lat' dir='ltr'>obedien-</span> 
     </span>
     <span class='ocr_line' id='line_1_4' title="bbox 254 305 1903 349; baseline 0.002 -14"><span class='ocrx_word' id='word_1_25' title='bbox 254 305 330 335; x_wconf 86' lang='lat' dir='ltr'>tiam</span> <span class='ocrx_word' id='word_1_26' title='bbox 356 306 586 346; x_wconf 84' lang='lat' dir='ltr'>suprascriptas</span> <span class='ocrx_word' id='word_1_27' title='bbox 611 309 642 337; x_wconf 88' lang='lat' dir='ltr'>et</span> <span class='ocrx_word' id='word_1_28' title='bbox 666 306 706 337; x_wconf 85' lang='lat' dir='ltr'>ad</span> <span class='ocrx_word' id='word_1_29' title='bbox 730 317 844 347; x_wconf 83' lang='lat' dir='ltr'>pacem</span> <span class='ocrx_word' id='word_1_30' title='bbox 870 311 901 338; x_wconf 89' lang='lat' dir='ltr'>et</span> <span class='ocrx_word' id='word_1_31' title='bbox 919 308 1181 348; x_wconf 75' lang='lat' dir='ltr'>tranquillitatem</span> <span class='ocrx_word' id='word_1_32' title='bbox 1206 318 1276 338; x_wconf 89' lang='lat' dir='ltr'>cum</span> <span class='ocrx_word' id='word_1_33' title='bbox 1301 307 1425 338; x_wconf 85' lang='lat' dir='ltr'>devotis</span> <span class='ocrx_word' id='word_1_34' title='bbox 1448 309 1546 349; x_wconf 86' lang='lat' dir='ltr'>ipsius</span> <span class='ocrx_word' id='word_1_35' title='bbox 1571 309 1704 340; x_wconf 74' lang='lat' dir='ltr'>ecclesie</span> <span class='ocrx_word' id='word_1_36' title='bbox 1730 312 1762 339; x_wconf 85' lang='lat' dir='ltr'>et</span> <span class='ocrx_word' id='word_1_37' title='bbox 1785 309 1903 340; x_wconf 88' lang='lat' dir='ltr'>domini</span> 
     </span>
     <span class='ocr_line' id='line_1_5' title="bbox 254 357 1904 399; baseline 0.002 -13"><span class='ocrx_word' id='word_1_38' title='bbox 254 357 353 387; x_wconf 85' lang='lat' dir='ltr'>nostri</span> <span class='ocrx_word' id='word_1_39' title='bbox 377 358 492 388; x_wconf 86' lang='lat' dir='ltr'>summi</span> <span class='ocrx_word' id='word_1_40' title='bbox 516 357 673 398; x_wconf 87' lang='lat' dir='ltr'>pontificis</span> <span class='ocrx_word' id='word_1_41' title='bbox 698 361 729 388; x_wconf 75' lang='lat' dir='ltr'>ot</span> <span class='ocrx_word' id='word_1_42' title='bbox 752 358 1015 399; x_wconf 79' lang='lat' dir='ltr'>gubernationem</span> <span class='ocrx_word' id='word_1_43' title='bbox 1041 364 1073 389; x_wconf 88' lang='lat' dir='ltr'>et</span> <span class='ocrx_word' id='word_1_44' title='bbox 1097 359 1338 399; x_wconf 75' lang='lat' dir='ltr'>dispositionem</span> <span class='ocrx_word' id='word_1_45' title='bbox 1364 359 1520 390; x_wconf 88' lang='lat' dir='ltr'>dictorum</span> <span class='ocrx_word' id='word_1_46' title='bbox 1539 360 1725 391; x_wconf 85' lang='lat' dir='ltr'>devotorum</span> <span class='ocrx_word' id='word_1_47' title='bbox 1751 363 1784 390; x_wconf 86' lang='lat' dir='ltr'>et</span> <span class='ocrx_word' id='word_1_48' title='bbox 1807 360 1904 391; x_wconf 87' lang='lat' dir='ltr'>etiam</span> 
     </span>
     <span class='ocr_line' id='line_1_6' title="bbox 253 408 1904 450; baseline 0.002 -12"><span class='ocrx_word' id='word_1_49' title='bbox 253 408 377 439; x_wconf 84' lang='lat' dir='ltr'>venerit</span> <span class='ocrx_word' id='word_1_50' title='bbox 400 409 431 438; x_wconf 94' lang='lat' dir='ltr'>in</span> <span class='ocrx_word' id='word_1_51' title='bbox 455 409 555 449; x_wconf 80' lang='lat' dir='ltr'>ipsam</span> <span class='ocrx_word' id='word_1_52' title='bbox 581 409 742 440; x_wconf 85' lang='lat' dir='ltr'>civitatem</span> <span class='ocrx_word' id='word_1_53' title='bbox 767 409 929 441; x_wconf 81' lang='lat' dir='ltr'>Florentie</span> <span class='ocrx_word' id='word_1_54' title='bbox 954 421 1010 450; x_wconf 90' lang='lat' dir='ltr'>pro</span> <span class='ocrx_word' id='word_1_55' title='bbox 1035 410 1138 441; x_wconf 88' lang='lat' dir='ltr'>eundo</span> <span class='ocrx_word' id='word_1_56' title='bbox 1164 414 1196 440; x_wconf 87' lang='lat' dir='ltr'>et</span> <span class='ocrx_word' id='word_1_57' title='bbox 1219 420 1252 440; x_wconf 91' lang='lat' dir='ltr'>se</span> <span class='ocrx_word' id='word_1_58' title='bbox 1277 411 1306 440; x_wconf 92' lang='lat' dir='ltr'>in</span> <span class='ocrx_word' id='word_1_59' title='bbox 1332 414 1432 441; x_wconf 88' lang='lat' dir='ltr'>totum</span> <span class='ocrx_word' id='word_1_60' title='bbox 1450 411 1646 442; x_wconf 86' lang='lat' dir='ltr'>subiiciendo</span> <span class='ocrx_word' id='word_1_61' title='bbox 1664 412 1842 442; x_wconf 78' lang='lat' dir='ltr'>reverentie</span> <span class='ocrx_word' id='word_1_62' title='bbox 1867 422 1904 442; x_wconf 82' lang='lat' dir='ltr'>ac</span> 
     </span>
     <span class='ocr_line' id='line_1_7' title="bbox 223 459 1904 503; baseline 0.001 -13"><span class='ocrx_word' id='word_1_63' title='bbox 223 469 234 487; x_wconf 70' lang='lat'><strong>³</strong></span> <span class='ocrx_word' id='word_1_64' title='bbox 255 459 438 491; x_wconf 84' lang='lat' dir='ltr'>obedientie</span> <span class='ocrx_word' id='word_1_65' title='bbox 462 463 571 491; x_wconf 86' lang='lat' dir='ltr'>sancte</span> <span class='ocrx_word' id='word_1_66' title='bbox 596 461 704 490; x_wconf 82' lang='lat' dir='ltr'>matris</span> <span class='ocrx_word' id='word_1_67' title='bbox 729 461 864 491; x_wconf 83' lang='lat' dir='ltr'>ecclesie</span> <span class='ocrx_word' id='word_1_68' title='bbox 890 465 921 492; x_wconf 90' lang='lat' dir='ltr'>et</span> <span class='ocrx_word' id='word_1_69' title='bbox 945 462 1063 492; x_wconf 88' lang='lat' dir='ltr'>domini</span> <span class='ocrx_word' id='word_1_70' title='bbox 1088 462 1185 492; x_wconf 80' lang='lat' dir='ltr'>nostri</span> <span class='ocrx_word' id='word_1_71' title='bbox 1210 462 1324 492; x_wconf 87' lang='lat' dir='ltr'>summi</span> <span class='ocrx_word' id='word_1_72' title='bbox 1350 463 1520 502; x_wconf 78' lang='lat' dir='ltr'>pontificis7</span> <span class='ocrx_word' id='word_1_73' title='bbox 1550 467 1644 502; x_wconf 80' lang='lat' dir='ltr'>prout</span> <span class='ocrx_word' id='word_1_74' title='bbox 1672 463 1799 503; x_wconf 87' lang='lat' dir='ltr'>publice</span> <span class='ocrx_word' id='word_1_75' title='bbox 1824 462 1904 492; x_wconf 79' lang='lat' dir='ltr'>dixit</span> 
     </span>
     <span class='ocr_line' id='line_1_8' title="bbox 254 511 1902 554; baseline 0.001 -13"><span class='ocrx_word' id='word_1_76' title='bbox 254 514 285 541; x_wconf 87' lang='lat' dir='ltr'>et</span> <span class='ocrx_word' id='word_1_77' title='bbox 310 512 445 542; x_wconf 83' lang='lat' dir='ltr'>asseruit</span> <span class='ocrx_word' id='word_1_78' title='bbox 468 511 497 541; x_wconf 92' lang='lat' dir='ltr'>in</span> <span class='ocrx_word' id='word_1_79' title='bbox 523 512 683 551; x_wconf 78' lang='lat' dir='ltr'>presentia</span> <span class='ocrx_word' id='word_1_80' title='bbox 707 511 906 542; x_wconf 90' lang='lat' dir='ltr'>dominorum</span> <span class='ocrx_word' id='word_1_81' title='bbox 937 513 1077 553; x_wconf 73' lang='lat' dir='ltr'>episcopi</span> <span class='ocrx_word' id='word_1_82' title='bbox 1102 513 1278 543; x_wconf 86' lang='lat' dir='ltr'>Florentini</span> <span class='ocrx_word' id='word_1_83' title='bbox 1309 516 1341 543; x_wconf 90' lang='lat' dir='ltr'>et</span> <span class='ocrx_word' id='word_1_84' title='bbox 1370 515 1512 554; x_wconf 74' lang='lat' dir='ltr'>episcopi</span> <span class='ocrx_word' id='word_1_85' title='bbox 1539 514 1688 543; x_wconf 87' lang='lat' dir='ltr'>Fesulani</span> <span class='ocrx_word' id='word_1_86' title='bbox 1718 517 1749 544; x_wconf 87' lang='lat' dir='ltr'>et</span> <span class='ocrx_word' id='word_1_87' title='bbox 1773 514 1902 554; x_wconf 88' lang='lat' dir='ltr'>inquisi-</span> 
     </span>
     <span class='ocr_line' id='line_1_9' title="bbox 253 562 1903 605; baseline 0.002 -13"><span class='ocrx_word' id='word_1_88' title='bbox 253 563 329 593; x_wconf 80' lang='lat' dir='ltr'>toris</span> <span class='ocrx_word' id='word_1_89' title='bbox 353 562 495 593; x_wconf 78' lang='lat' dir='ltr'>heretice</span> <span class='ocrx_word' id='word_1_90' title='bbox 520 563 685 602; x_wconf 85' lang='lat' dir='ltr'>pravitatis</span> <span class='ocrx_word' id='word_1_91' title='bbox 708 564 739 593; x_wconf 90' lang='lat' dir='ltr'>in</span> <span class='ocrx_word' id='word_1_92' title='bbox 763 564 920 603; x_wconf 81' lang='lat' dir='ltr'>provintia</span> <span class='ocrx_word' id='word_1_93' title='bbox 945 563 1059 594; x_wconf 85' lang='lat' dir='ltr'>Tuscie</span> <span class='ocrx_word' id='word_1_94' title='bbox 1091 567 1123 594; x_wconf 93' lang='lat' dir='ltr'>et</span> <span class='ocrx_word' id='word_1_95' title='bbox 1146 564 1315 594; x_wconf 86' lang='lat' dir='ltr'>reverendi</span> <span class='ocrx_word' id='word_1_96' title='bbox 1346 565 1404 594; x_wconf 71' lang='lat' dir='ltr'>viri</span> <span class='ocrx_word' id='word_1_97' title='bbox 1433 565 1538 595; x_wconf 82' lang='lat' dir='ltr'>fratris</span> <span class='ocrx_word' id='word_1_98' title='bbox 1562 564 1726 595; x_wconf 80' lang='lat' dir='ltr'>Guillelmi</span> <span class='ocrx_word' id='word_1_99' title='bbox 1751 575 1903 605; x_wconf 88' lang='lat' dir='ltr'>procura-</span> 
     </span>
     <span class='ocr_line' id='line_1_10' title="bbox 252 613 1903 657; baseline 0.002 -14"><span class='ocrx_word' id='word_1_100' title='bbox 252 614 329 643; x_wconf 87' lang='lat' dir='ltr'>toris</span> <span class='ocrx_word' id='word_1_101' title='bbox 358 614 517 654; x_wconf 80' lang='lat' dir='ltr'>generalis</span> <span class='ocrx_word' id='word_1_102' title='bbox 548 613 665 644; x_wconf 80' lang='lat' dir='ltr'>ordinis</span> <span class='ocrx_word' id='word_1_103' title='bbox 689 614 933 645; x_wconf 87' lang='lat' dir='ltr'>Predicatorum</span> <span class='ocrx_word' id='word_1_104' title='bbox 965 619 997 645; x_wconf 86' lang='lat' dir='ltr'>et</span> <span class='ocrx_word' id='word_1_105' title='bbox 1028 616 1126 646; x_wconf 87' lang='lat' dir='ltr'>nuntii</span> <span class='ocrx_word' id='word_1_106' title='bbox 1157 615 1240 645; x_wconf 84' lang='lat' dir='ltr'>sedis</span> <span class='ocrx_word' id='word_1_107' title='bbox 1269 616 1445 656; x_wconf 80' lang='lat' dir='ltr'>apostolice</span> <span class='ocrx_word' id='word_1_108' title='bbox 1477 619 1510 647; x_wconf 91' lang='lat' dir='ltr'>et</span> <span class='ocrx_word' id='word_1_109' title='bbox 1538 617 1672 646; x_wconf 85' lang='lat' dir='ltr'>aliorum</span> <span class='ocrx_word' id='word_1_110' title='bbox 1696 617 1903 657; x_wconf 81' lang='lat' dir='ltr'>prelatorum,</span> 
     </span>
     <span class='ocr_line' id='line_1_11' title="bbox 253 664 1902 707; baseline 0.002 -13"><span class='ocrx_word' id='word_1_111' title='bbox 253 664 441 695; x_wconf 86' lang='lat' dir='ltr'>clericorum</span> <span class='ocrx_word' id='word_1_112' title='bbox 468 668 499 695; x_wconf 88' lang='lat' dir='ltr'>et</span> <span class='ocrx_word' id='word_1_113' title='bbox 516 664 677 705; x_wconf 78' lang='lat' dir='ltr'>laycorum</span> <span class='ocrx_word' id='word_1_114' title='bbox 696 665 725 694; x_wconf 85' lang='lat' dir='ltr'>in</span> <span class='ocrx_word' id='word_1_115' title='bbox 742 665 944 696; x_wconf 88' lang='lat' dir='ltr'>multitudine</span> <span class='ocrx_word' id='word_1_116' title='bbox 963 667 1101 706; x_wconf 76' lang='lat' dir='ltr'>copiosa,</span> <span class='ocrx_word' id='word_1_117' title='bbox 1127 669 1159 697; x_wconf 86' lang='lat' dir='ltr'>et</span> <span class='ocrx_word' id='word_1_118' title='bbox 1182 666 1223 696; x_wconf 87' lang='lat' dir='ltr'>ad</span> <span class='ocrx_word' id='word_1_119' title='bbox 1240 667 1479 707; x_wconf 82' lang='lat' dir='ltr'>requisitionem</span> <span class='ocrx_word' id='word_1_120' title='bbox 1498 667 1755 697; x_wconf 79' lang='lat' dir='ltr'>F101·entim›1·u1n</span> <span class='ocrx_word' id='word_1_121' title='bbox 1780 678 1902 697; x_wconf 86' lang='lat' dir='ltr'>moram</span> 
     </span>
     <span class='ocr_line' id='line_1_12' title="bbox 211 716 1903 759; baseline 0.001 -13"><span class='ocrx_word' id='word_1_122' title='bbox 211 725 234 743; x_wconf 82' lang='grc' dir='ltr'>ιο</span> <span class='ocrx_word' id='word_1_123' title='bbox 253 717 388 747; x_wconf 77' lang='lat' dir='ltr'>traxerit</span> <span class='ocrx_word' id='word_1_124' title='bbox 420 717 450 746; x_wconf 87' lang='lat' dir='ltr'>in</span> <span class='ocrx_word' id='word_1_125' title='bbox 485 716 612 746; x_wconf 86' lang='lat' dir='ltr'>civitate</span> <span class='ocrx_word' id='word_1_126' title='bbox 643 716 806 746; x_wconf 85' lang='lat' dir='ltr'>Florentie</span> <span class='ocrx_word' id='word_1_127' title='bbox 838 717 989 757; x_wconf 78' lang='lat' dir='ltr'>precipue</span> <span class='ocrx_word' id='word_1_128' title='bbox 1024 728 1080 757; x_wconf 85' lang='lat' dir='ltr'>pro</span> <span class='ocrx_word' id='word_1_129' title='bbox 1112 718 1308 758; x_wconf 82' lang='lat' dir='ltr'>perfectione</span> <span class='ocrx_word' id='word_1_130' title='bbox 1339 720 1554 759; x_wconf 83' lang='lat' dir='ltr'>suprascripta</span> <span class='ocrx_word' id='word_1_131' title='bbox 1584 722 1737 749; x_wconf 82' lang='lat' dir='ltr'>tractatus</span> <span class='ocrx_word' id='word_1_132' title='bbox 1768 719 1903 749; x_wconf 88' lang='lat' dir='ltr'>civitatis</span> 
     </span>
     <span class='ocr_line' id='line_1_13' title="bbox 253 768 1902 811; baseline 0.001 -13"><span class='ocrx_word' id='word_1_133' title='bbox 253 768 383 798; x_wconf 86' lang='lat' dir='ltr'>Lucane</span> <span class='ocrx_word' id='word_1_134' title='bbox 409 772 440 798; x_wconf 89' lang='lat' dir='ltr'>et</span> <span class='ocrx_word' id='word_1_135' title='bbox 464 772 607 808; x_wconf 85' lang='lat' dir='ltr'>sumptus</span> <span class='ocrx_word' id='word_1_136' title='bbox 632 778 693 797; x_wconf 89' lang='lat' dir='ltr'>non</span> <span class='ocrx_word' id='word_1_137' title='bbox 718 778 833 807; x_wconf 80' lang='lat' dir='ltr'>parvos</span> <span class='ocrx_word' id='word_1_138' title='bbox 857 768 968 798; x_wconf 84' lang='lat' dir='ltr'>fecerit</span> <span class='ocrx_word' id='word_1_139' title='bbox 993 769 1022 798; x_wconf 89' lang='lat' dir='ltr'>in</span> <span class='ocrx_word' id='word_1_140' title='bbox 1049 768 1132 799; x_wconf 82' lang='lat' dir='ltr'>dicta</span> <span class='ocrx_word' id='word_1_141' title='bbox 1150 769 1278 799; x_wconf 84' lang='lat' dir='ltr'>civitate</span> <span class='ocrx_word' id='word_1_142' title='bbox 1303 773 1368 800; x_wconf 88' lang='lat' dir='ltr'>tum</span> <span class='ocrx_word' id='word_1_143' title='bbox 1394 773 1525 811; x_wconf 88' lang='lat' dir='ltr'>propter</span> <span class='ocrx_word' id='word_1_144' title='bbox 1543 770 1721 800; x_wconf 80' lang='lat' dir='ltr'>decentiam</span> <span class='ocrx_word' id='word_1_145' title='bbox 1739 771 1785 800; x_wconf 88' lang='lat' dir='ltr'>sui</span> <span class='ocrx_word' id='word_1_146' title='bbox 1803 773 1902 800; x_wconf 83' lang='lat' dir='ltr'>status</span> 
     </span>
     <span class='ocr_line' id='line_1_14' title="bbox 253 820 1902 862; baseline 0.002 -13"><span class='ocrx_word' id='word_1_147' title='bbox 253 822 319 849; x_wconf 91' lang='lat' dir='ltr'>tum</span> <span class='ocrx_word' id='word_1_148' title='bbox 345 822 476 860; x_wconf 84' lang='lat' dir='ltr'>propter</span> <span class='ocrx_word' id='word_1_149' title='bbox 498 829 647 859; x_wconf 81' lang='lat' dir='ltr'>magnam</span> <span class='ocrx_word' id='word_1_150' title='bbox 673 820 856 856; x_wconf 66' lang='lat' dir='ltr'>cares-tiam,</span> <span class='ocrx_word' id='word_1_151' title='bbox 882 830 976 860; x_wconf 73' lang='lat' dir='ltr'>quam</span> <span class='ocrx_word' id='word_1_152' title='bbox 1002 830 1110 850; x_wconf 83' lang='lat' dir='ltr'>secum</span> <span class='ocrx_word' id='word_1_153' title='bbox 1136 820 1290 859; x_wconf 76' lang='lat' dir='ltr'>habebat,</span> <span class='ocrx_word' id='word_1_154' title='bbox 1324 825 1355 851; x_wconf 89' lang='lat' dir='ltr'>et</span> <span class='ocrx_word' id='word_1_155' title='bbox 1380 825 1444 851; x_wconf 88' lang='lat' dir='ltr'>tum</span> <span class='ocrx_word' id='word_1_156' title='bbox 1470 825 1601 861; x_wconf 87' lang='lat' dir='ltr'>propter</span> <span class='ocrx_word' id='word_1_157' title='bbox 1626 822 1809 860; x_wconf 74' lang='lat' dir='ltr'>carestiam,</span> <span class='ocrx_word' id='word_1_158' title='bbox 1840 832 1902 862; x_wconf 90' lang='lat' dir='ltr'>que</span> 
     </span>
     <span class='ocr_line' id='line_1_15' title="bbox 253 870 1902 913; baseline 0.002 -13"><span class='ocrx_word' id='word_1_159' title='bbox 253 874 323 901; x_wconf 83' lang='lat' dir='ltr'>erat</span> <span class='ocrx_word' id='word_1_160' title='bbox 346 872 375 900; x_wconf 93' lang='lat' dir='ltr'>in</span> <span class='ocrx_word' id='word_1_161' title='bbox 401 871 528 901; x_wconf 83' lang='lat' dir='ltr'>civitate</span> <span class='ocrx_word' id='word_1_162' title='bbox 554 870 731 909; x_wconf 78' lang='lat' dir='ltr'>Florentio,</span> <span class='ocrx_word' id='word_1_163' title='bbox 764 875 796 901; x_wconf 89' lang='lat' dir='ltr'>et</span> <span class='ocrx_word' id='word_1_164' title='bbox 819 877 991 911; x_wconf 83' lang='lat' dir='ltr'>propterea</span> <span class='ocrx_word' id='word_1_165' title='bbox 1016 872 1195 912; x_wconf 83' lang='lat' dir='ltr'>expedierit</span> <span class='ocrx_word' id='word_1_166' title='bbox 1223 872 1307 912; x_wconf 84' lang='lat' dir='ltr'>quod</span> <span class='ocrx_word' id='word_1_167' title='bbox 1338 884 1393 913; x_wconf 87' lang='lat' dir='ltr'>pro</span> <span class='ocrx_word' id='word_1_168' title='bbox 1426 876 1516 913; x_wconf 85' lang='lat' dir='ltr'>parte</span> <span class='ocrx_word' id='word_1_169' title='bbox 1541 873 1716 903; x_wconf 85' lang='lat' dir='ltr'>communis</span> <span class='ocrx_word' id='word_1_170' title='bbox 1740 872 1902 904; x_wconf 85' lang='lat' dir='ltr'>Florentie</span> 
     </span>
     <span class='ocr_line' id='line_1_16' title="bbox 253 921 1902 965; baseline 0.001 -13"><span class='ocrx_word' id='word_1_171' title='bbox 253 921 338 953; x_wconf 87' lang='lat' dir='ltr'>dicto</span> <span class='ocrx_word' id='word_1_172' title='bbox 363 922 491 952; x_wconf 87' lang='lat' dir='ltr'>domino</span> <span class='ocrx_word' id='word_1_173' title='bbox 514 921 645 953; x_wconf 85' lang='lat' dir='ltr'>Marcho</span> <span class='ocrx_word' id='word_1_174' title='bbox 670 923 859 953; x_wconf 74' lang='lat' dir='ltr'>subventum</span> <span class='ocrx_word' id='word_1_175' title='bbox 884 922 979 953; x_wconf 87' lang='lat' dir='ltr'>fuerit</span> <span class='ocrx_word' id='word_1_176' title='bbox 1003 927 1067 953; x_wconf 82' lang='lat' dir='ltr'>tam</span> <span class='ocrx_word' id='word_1_177' title='bbox 1093 927 1223 963; x_wconf 80' lang='lat' dir='ltr'>propter</span> <span class='ocrx_word' id='word_1_178' title='bbox 1247 928 1390 964; x_wconf 79' lang='lat' dir='ltr'>sumptus</span> <span class='ocrx_word' id='word_1_179' title='bbox 1416 924 1515 954; x_wconf 81' lang='lat' dir='ltr'>factos</span> <span class='ocrx_word' id='word_1_180' title='bbox 1534 925 1700 955; x_wconf 73' lang='lat' dir='ltr'>occasione</span> <span class='ocrx_word' id='word_1_181' title='bbox 1717 935 1804 955; x_wconf 89' lang='lat' dir='ltr'>more</span> <span class='ocrx_word' id='word_1_182' title='bbox 1829 935 1902 965; x_wconf 88' lang='lat' dir='ltr'>pre-</span> 
     </span>
     <span class='ocr_line' id='line_1_17' title="bbox 212 973 1903 1016; baseline 0.001 -13"><span class='ocrx_word' id='word_1_183' title='bbox 212 981 233 999; x_wconf 75' lang='lat'>15</span> <span class='ocrx_word' id='word_1_184' title='bbox 255 973 338 1004; x_wconf 85' lang='lat' dir='ltr'>dicte</span> <span class='ocrx_word' id='word_1_185' title='bbox 368 984 462 1014; x_wconf 85' lang='lat' dir='ltr'>quam</span> <span class='ocrx_word' id='word_1_186' title='bbox 493 974 589 1004; x_wconf 86' lang='lat' dir='ltr'>etiam</span> <span class='ocrx_word' id='word_1_187' title='bbox 624 984 681 1014; x_wconf 91' lang='lat' dir='ltr'>pro</span> <span class='ocrx_word' id='word_1_188' title='bbox 710 973 851 1004; x_wconf 81' lang='lat' dir='ltr'>subsidio</span> <span class='ocrx_word' id='word_1_189' title='bbox 882 974 988 1004; x_wconf 87' lang='lat' dir='ltr'>eidem</span> <span class='ocrx_word' id='word_1_190' title='bbox 1018 974 1233 1014; x_wconf 89' lang='lat' dir='ltr'>impendendo</span> <span class='ocrx_word' id='word_1_191' title='bbox 1263 986 1317 1015; x_wconf 88' lang='lat' dir='ltr'>pro</span> <span class='ocrx_word' id='word_1_192' title='bbox 1350 975 1454 1005; x_wconf 82' lang='lat' dir='ltr'>eundo</span> <span class='ocrx_word' id='word_1_193' title='bbox 1491 983 1522 1005; x_wconf 85' lang='lat' dir='ltr'>ct</span> <span class='ocrx_word' id='word_1_194' title='bbox 1553 986 1586 1006; x_wconf 86' lang='lat' dir='ltr'>se</span> <span class='ocrx_word' id='word_1_195' title='bbox 1617 976 1830 1016; x_wconf 86' lang='lat' dir='ltr'>presentando</span> <span class='ocrx_word' id='word_1_196' title='bbox 1862 975 1903 1006; x_wconf 84' lang='lat' dir='ltr'>ad</span> 
     </span>
     <span class='ocr_line' id='line_1_18' title="bbox 256 1025 1903 1067; baseline 0.001 -12"><span class='ocrx_word' id='word_1_197' title='bbox 256 1025 356 1065; x_wconf 89' lang='lat' dir='ltr'>pedes</span> <span class='ocrx_word' id='word_1_198' title='bbox 387 1025 460 1055; x_wconf 84' lang='lat' dir='ltr'>dicti</span> <span class='ocrx_word' id='word_1_199' title='bbox 489 1025 603 1055; x_wconf 90' lang='lat' dir='ltr'>summi</span> <span class='ocrx_word' id='word_1_200' title='bbox 632 1026 789 1065; x_wconf 79' lang='lat' dir='ltr'>pontificis</span> <span class='ocrx_word' id='word_1_201' title='bbox 822 1025 863 1055; x_wconf 85' lang='lat' dir='ltr'>ad</span> <span class='ocrx_word' id='word_1_202' title='bbox 893 1036 926 1056; x_wconf 87' lang='lat' dir='ltr'>sc</span> <span class='ocrx_word' id='word_1_203' title='bbox 955 1026 1184 1056; x_wconf 83' lang='lat' dir='ltr'>subiiciendum</span> <span class='ocrx_word' id='word_1_204' title='bbox 1222 1026 1406 1056; x_wconf 78' lang='lat' dir='ltr'>obedientie</span> <span class='ocrx_word' id='word_1_205' title='bbox 1436 1026 1510 1056; x_wconf 88' lang='lat' dir='ltr'>dicti</span> <span class='ocrx_word' id='word_1_206' title='bbox 1541 1028 1655 1057; x_wconf 84' lang='lat' dir='ltr'>summi</span> <span class='ocrx_word' id='word_1_207' title='bbox 1684 1027 1841 1067; x_wconf 76' lang='lat' dir='ltr'>pontificis</span> <span class='ocrx_word' id='word_1_208' title='bbox 1872 1031 1903 1057; x_wconf 88' lang='lat' dir='ltr'>et</span> 
     </span>
     <span class='ocr_line' id='line_1_19' title="bbox 252 1076 1904 1119; baseline 0.002 -13"><span class='ocrx_word' id='word_1_209' title='bbox 252 1076 414 1107; x_wconf 86' lang='lat' dir='ltr'>humiliter</span> <span class='ocrx_word' id='word_1_210' title='bbox 438 1077 562 1107; x_wconf 82' lang='lat' dir='ltr'>veniam</span> <span class='ocrx_word' id='word_1_211' title='bbox 588 1076 811 1116; x_wconf 86' lang='lat' dir='ltr'>postulandum</span> <span class='ocrx_word' id='word_1_212' title='bbox 837 1076 876 1107; x_wconf 88' lang='lat' dir='ltr'>de</span> <span class='ocrx_word' id='word_1_213' title='bbox 902 1078 1087 1115; x_wconf 68' lang='lat' dir='ltr'>commissis,</span> <span class='ocrx_word' id='word_1_214' title='bbox 1112 1077 1178 1107; x_wconf 77' lang='lat' dir='ltr'>sins·</span> <span class='ocrx_word' id='word_1_215' title='bbox 1203 1088 1265 1118; x_wconf 84' lang='lat' dir='ltr'>quo</span> <span class='ocrx_word' id='word_1_216' title='bbox 1290 1077 1430 1108; x_wconf 82' lang='lat' dir='ltr'>subsidio</span> <span class='ocrx_word' id='word_1_217' title='bbox 1456 1079 1500 1108; x_wconf 87' lang='lat' dir='ltr'>ire</span> <span class='ocrx_word' id='word_1_218' title='bbox 1524 1089 1586 1108; x_wconf 85' lang='lat' dir='ltr'>non</span> <span class='ocrx_word' id='word_1_219' title='bbox 1611 1082 1747 1118; x_wconf 80' lang='lat' dir='ltr'>poterat,</span> <span class='ocrx_word' id='word_1_220' title='bbox 1773 1082 1904 1119; x_wconf 90' lang='lat' dir='ltr'>propter</span> 
     </span>
     <span class='ocr_line' id='line_1_20' title="bbox 253 1127 1902 1169; baseline 0.002 -12"><span class='ocrx_word' id='word_1_221' title='bbox 253 1138 314 1168; x_wconf 90' lang='lat' dir='ltr'>que</span> <span class='ocrx_word' id='word_1_222' title='bbox 339 1127 458 1158; x_wconf 86' lang='lat' dir='ltr'>domini</span> <span class='ocrx_word' id='word_1_223' title='bbox 483 1129 605 1168; x_wconf 76' lang='lat' dir='ltr'>priores</span> <span class='ocrx_word' id='word_1_224' title='bbox 628 1129 742 1158; x_wconf 78' lang='lat' dir='ltr'>artium</span> <span class='ocrx_word' id='word_1_225' title='bbox 768 1132 799 1158; x_wconf 87' lang='lat' dir='ltr'>et</span> <span class='ocrx_word' id='word_1_226' title='bbox 824 1129 983 1159; x_wconf 77' lang='lat' dir='ltr'>vexillifer</span> <span class='ocrx_word' id='word_1_227' title='bbox 1006 1129 1124 1159; x_wconf 82' lang='lat' dir='ltr'>iustitie</span> <span class='ocrx_word' id='word_1_228' title='bbox 1149 1129 1384 1169; x_wconf 74' lang='lat' dir='ltr'>presentialiter</span> <span class='ocrx_word' id='word_1_229' title='bbox 1407 1130 1436 1158; x_wconf 92' lang='lat' dir='ltr'>in</span> <span class='ocrx_word' id='word_1_230' title='bbox 1463 1129 1568 1159; x_wconf 84' lang='lat' dir='ltr'>officio</span> <span class='ocrx_word' id='word_1_231' title='bbox 1594 1129 1769 1159; x_wconf 70' lang='lat' dir='ltr'>residentes</span> <span class='ocrx_word' id='word_1_232' title='bbox 1794 1130 1902 1160; x_wconf 85' lang='lat' dir='ltr'>habito</span> 
     </span>
     <span class='ocr_line' id='line_1_21' title="bbox 253 1179 1901 1219; baseline 0.001 -10"><span class='ocrx_word' id='word_1_233' title='bbox 253 1179 413 1219; x_wconf 83' lang='lat' dir='ltr'>colloquio</span> <span class='ocrx_word' id='word_1_234' title='bbox 443 1182 475 1209; x_wconf 88' lang='lat' dir='ltr'>et</span> <span class='ocrx_word' id='word_1_235' title='bbox 499 1183 634 1209; x_wconf 83' lang='lat' dir='ltr'>tractatu</span> <span class='ocrx_word' id='word_1_236' title='bbox 665 1189 735 1209; x_wconf 89' lang='lat' dir='ltr'>cum</span> <span class='ocrx_word' id='word_1_237' title='bbox 761 1179 862 1210; x_wconf 87' lang='lat' dir='ltr'>offitio</span> <span class='ocrx_word' id='word_1_238' title='bbox 888 1180 1057 1210; x_wconf 76' lang='lat' dir='ltr'>duodecim</span> <span class='ocrx_word' id='word_1_239' title='bbox 1084 1180 1239 1210; x_wconf 80' lang='lat' dir='ltr'>bonorum</span> <span class='ocrx_word' id='word_1_240' title='bbox 1264 1181 1400 1210; x_wconf 81' lang='lat' dir='ltr'>virorum</span> <span class='ocrx_word' id='word_1_241' title='bbox 1427 1184 1458 1210; x_wconf 81' lang='lat' dir='ltr'>et</span> <span class='ocrx_word' id='word_1_242' title='bbox 1483 1180 1751 1210; x_wconf 65' lang='lat' dir='ltr'>thesaurariorum</span> <span class='ocrx_word' id='word_1_243' title='bbox 1776 1184 1808 1211; x_wconf 89' lang='lat' dir='ltr'>et</span> <span class='ocrx_word' id='word_1_244' title='bbox 1832 1191 1901 1211; x_wconf 87' lang='lat' dir='ltr'>cnm</span> 
     </span>
     <span class='ocr_line' id='line_1_22' title="bbox 209 1231 1902 1271; baseline 0.001 -11"><span class='ocrx_word' id='word_1_245' title='bbox 209 1238 234 1256; x_wconf 84' lang='lat'>²0</span> <span class='ocrx_word' id='word_1_246' title='bbox 253 1231 525 1271; x_wconf 66' lang='lat' dir='ltr'>gtmfalonieribus</span> <span class='ocrx_word' id='word_1_247' title='bbox 553 1231 742 1261; x_wconf 79' lang='lat' dir='ltr'>societatum</span> <span class='ocrx_word' id='word_1_248' title='bbox 772 1235 804 1261; x_wconf 88' lang='lat' dir='ltr'>et</span> <span class='ocrx_word' id='word_1_249' title='bbox 827 1232 994 1271; x_wconf 82' lang='lat' dir='ltr'>capitaneo</span> <span class='ocrx_word' id='word_1_250' title='bbox 1019 1242 1134 1271; x_wconf 69' lang='lat' dir='ltr'>guerre</span> <span class='ocrx_word' id='word_1_251' title='bbox 1159 1242 1280 1261; x_wconf 77' lang='lat' dir='ltr'>necnon</span> <span class='ocrx_word' id='word_1_252' title='bbox 1306 1242 1375 1261; x_wconf 85' lang='lat' dir='ltr'>cum</span> <span class='ocrx_word' id='word_1_253' title='bbox 1402 1232 1548 1271; x_wconf 82' lang='lat' dir='ltr'>paciariis</span> <span class='ocrx_word' id='word_1_254' title='bbox 1573 1235 1604 1261; x_wconf 88' lang='lat' dir='ltr'>et</span> <span class='ocrx_word' id='word_1_255' title='bbox 1629 1232 1734 1261; x_wconf 84' lang='lat' dir='ltr'>multis</span> <span class='ocrx_word' id='word_1_256' title='bbox 1759 1232 1827 1262; x_wconf 82' lang='lat' dir='ltr'>aliis</span> <span class='ocrx_word' id='word_1_257' title='bbox 1851 1243 1902 1262; x_wconf 81' lang='lat' dir='ltr'>sa-</span> 
     </span>
     <span class='ocr_line' id='line_1_23' title="bbox 253 1282 1902 1322; baseline 0.001 -10"><span class='ocrx_word' id='word_1_258' title='bbox 253 1282 412 1322; x_wconf 83' lang='lat' dir='ltr'>pientibus</span> <span class='ocrx_word' id='word_1_259' title='bbox 437 1285 468 1313; x_wconf 89' lang='lat' dir='ltr'>et</span> <span class='ocrx_word' id='word_1_260' title='bbox 492 1282 582 1312; x_wconf 82' lang='lat' dir='ltr'>bonis</span> <span class='ocrx_word' id='word_1_261' title='bbox 607 1282 679 1312; x_wconf 87' lang='lat' dir='ltr'>viris</span> <span class='ocrx_word' id='word_1_262' title='bbox 704 1283 839 1312; x_wconf 82' lang='lat' dir='ltr'>civitatis</span> <span class='ocrx_word' id='word_1_263' title='bbox 856 1282 1017 1313; x_wconf 78' lang='lat' dir='ltr'>Florentio</span> <span class='ocrx_word' id='word_1_264' title='bbox 1044 1283 1186 1313; x_wconf 86' lang='lat' dir='ltr'>fecerunt</span> <span class='ocrx_word' id='word_1_265' title='bbox 1211 1282 1314 1313; x_wconf 88' lang='lat' dir='ltr'>eidem</span> <span class='ocrx_word' id='word_1_266' title='bbox 1333 1283 1461 1313; x_wconf 84' lang='lat' dir='ltr'>domino</span> <span class='ocrx_word' id='word_1_267' title='bbox 1480 1283 1609 1313; x_wconf 54' lang='grc' dir='ltr'>Μαι-6110</span> <span class='ocrx_word' id='word_1_268' title='bbox 1628 1284 1695 1313; x_wconf 76' lang='lat' dir='ltr'>vice</span> <span class='ocrx_word' id='word_1_269' title='bbox 1721 1287 1752 1313; x_wconf 88' lang='lat' dir='ltr'>et</span> <span class='ocrx_word' id='word_1_270' title='bbox 1775 1284 1902 1314; x_wconf 80' lang='lat' dir='ltr'>nomine</span> 
     </span>
     <span class='ocr_line' id='line_1_24' title="bbox 253 1333 1571 1374; baseline 0 -10"><span class='ocrx_word' id='word_1_271' title='bbox 253 1335 429 1364; x_wconf 79' lang='lat' dir='ltr'>communis</span> <span class='ocrx_word' id='word_1_272' title='bbox 452 1333 615 1364; x_wconf 88' lang='lat' dir='ltr'>Florentie</span> <span class='ocrx_word' id='word_1_273' title='bbox 641 1333 751 1364; x_wconf 82' lang='lat' dir='ltr'>donari</span> <span class='ocrx_word' id='word_1_274' title='bbox 776 1335 878 1364; x_wconf 70' lang='lat' dir='ltr'>causis</span> <span class='ocrx_word' id='word_1_275' title='bbox 902 1335 1125 1374; x_wconf 67' lang='lat' dir='ltr'>suprascriptis</span> <span class='ocrx_word' id='word_1_276' title='bbox 1148 1334 1235 1364; x_wconf 90' lang='lat' dir='ltr'>mille</span> <span class='ocrx_word' id='word_1_277' title='bbox 1260 1335 1395 1365; x_wconf 80' lang='lat' dir='ltr'>florenos</span> <span class='ocrx_word' id='word_1_278' title='bbox 1420 1335 1486 1364; x_wconf 85' lang='lat' dir='ltr'>auri</span> <span class='ocrx_word' id='word_1_279' title='bbox 1512 1338 1571 1365; x_wconf 76' lang='lat' dir='ltr'>etc.</span> 
     </span>
    </p>
   </div>
   <div class='ocr_carea' id='block_1_4' title="bbox 483 1568 1668 1613">
    <p class='ocr_par' dir='ltr' id='par_1_4' title="bbox 483 1568 1668 1613">
     <span class='ocr_line' id='line_1_25' title="bbox 483 1568 1668 1613; baseline 0.003 -4"><span class='ocrx_word' id='word_1_280' title='bbox 483 1569 730 1613; x_wconf 55' lang='lat' dir='ltr'>‹rm—642.</span> <span class='ocrx_word' id='word_1_281' title='bbox 774 1568 1106 1613; x_wconf 60' lang='lat' dir='ltr'>LUDEWICI</span> <span class='ocrx_word' id='word_1_282' title='bbox 1137 1568 1420 1613; x_wconf 65' lang='lat' dir='ltr'>SCRIPTA</span> <span class='ocrx_word' id='word_1_283' title='bbox 1455 1568 1668 1612; x_wconf 80' lang='lat' dir='ltr'><strong>VARIA.</strong></span> 
     </span>
    </p>
   </div>
   <div class='ocr_carea' id='block_1_5' title="bbox 867 1645 1290 1690">
    <p class='ocr_par' dir='ltr' id='par_1_5' title="bbox 867 1645 1290 1690">
     <span class='ocr_line' id='line_1_26' title="bbox 867 1645 1290 1690; baseline 0 -10"><span class='ocrx_word' id='word_1_284' title='bbox 867 1646 974 1681; x_wconf 68' lang='lat'>1329.</span> <span class='ocrx_word' id='word_1_285' title='bbox 1018 1646 1111 1690; x_wconf 79' lang='lat' dir='ltr'>Aug.</span> <span class='ocrx_word' id='word_1_286' title='bbox 1134 1645 1290 1680; x_wconf 69' lang='lat'><strong>‹3.—027.</strong></span> 
     </span>
    </p>
   </div>
   <div class='ocr_carea' id='block_1_6' title="bbox 208 1765 1580 1808">
    <p class='ocr_par' dir='ltr' id='par_1_6' title="bbox 208 1765 1580 1808">
     <span class='ocr_line' id='line_1_27' title="bbox 208 1765 1580 1808; baseline 0.001 -9"><span class='ocrx_word' id='word_1_287' title='bbox 208 1787 232 1806; x_wconf 64' lang='lat'>25</span> <span class='ocrx_word' id='word_1_288' title='bbox 575 1765 660 1800; x_wconf 81' lang='grc'><strong>630.</strong></span> <span class='ocrx_word' id='word_1_289' title='bbox 703 1766 902 1808; x_wconf 66' lang='grc' dir='ltr'>1)]Ῐὶ’ῑ(ι[ι(ίίυ</span> <span class='ocrx_word' id='word_1_290' title='bbox 932 1766 1077 1799; x_wconf 66' lang='lat' dir='ltr'>(mna-im·</span> <span class='ocrx_word' id='word_1_291' title='bbox 1114 1766 1335 1800; x_wconf 55' lang='lat' dir='ltr'>sirvroneitis.</span> <span class='ocrx_word' id='word_1_292' title='bbox 1438 1766 1526 1807; x_wconf 56' lang='lat' dir='ltr'>dass.</span> <span class='ocrx_word' id='word_1_293' title='bbox 1548 1768 1580 1800; x_wconf 72' lang='grc' dir='ltr'>(ἰ.</span> 
     </span>
    </p>
   </div>
   <div class='ocr_carea' id='block_1_7' title="bbox 251 1839 1902 2051">
    <p class='ocr_par' dir='ltr' id='par_1_7' title="bbox 363 1839 1655 1879">
     <span class='ocr_line' id='line_1_28' title="bbox 363 1839 1655 1879; baseline 0.001 -9"><span class='ocrx_word' id='word_1_294' title='bbox 363 1839 476 1877; x_wconf 73' lang='lat' dir='ltr'>Copia(-</span> <span class='ocrx_word' id='word_1_295' title='bbox 505 1842 513 1869; x_wconf 96' lang='lat' dir='ltr'>l</span> <span class='ocrx_word' id='word_1_296' title='bbox 542 1850 620 1869; x_wconf 66' lang='lat' dir='ltr'>saec.</span> <span class='ocrx_word' id='word_1_297' title='bbox 638 1839 732 1870; x_wconf 69' lang='lat' dir='ltr'><em>XVI.</em></span> <span class='ocrx_word' id='word_1_298' title='bbox 758 1840 788 1869; x_wconf 74' lang='grc' dir='ltr'>[η</span> <span class='ocrx_word' id='word_1_299' title='bbox 814 1840 971 1870; x_wconf 64' lang='lat' dir='ltr'>laludio-io</span> <span class='ocrx_word' id='word_1_300' title='bbox 996 1841 1077 1879; x_wconf 64' lang='lat' dir='ltr'>rvgyio</span> <span class='ocrx_word' id='word_1_301' title='bbox 1101 1840 1348 1875; x_wconf 32' lang='lat' dir='ltr'>Malialasncnsa·</span> <span class='ocrx_word' id='word_1_302' title='bbox 1373 1839 1561 1869; x_wconf 56' lang='lat' dir='ltr'>consedimus</span> <span class='ocrx_word' id='word_1_303' title='bbox 1584 1850 1655 1871; x_wconf 71' lang='lat' dir='ltr'>nos:</span> 
     </span>
    </p>

    <p class='ocr_par' dir='ltr' id='par_1_8' title="bbox 251 1899 1902 1985">
     <span class='ocr_line' id='line_1_29' title="bbox 362 1899 1902 1938; baseline 0 -9"><span class='ocrx_word' id='word_1_304' title='bbox 362 1901 378 1929; x_wconf 78' lang='lat'>2</span> <span class='ocrx_word' id='word_1_305' title='bbox 399 1900 520 1938; x_wconf 62' lang='lat' dir='ltr'>luo-tim</span> <span class='ocrx_word' id='word_1_306' title='bbox 543 1910 667 1930; x_wconf 58' lang='lat' dir='ltr'>corrosa</span> <span class='ocrx_word' id='word_1_307' title='bbox 690 1911 768 1930; x_wconf 71' lang='lat' dir='ltr'>saec.</span> <span class='ocrx_word' id='word_1_308' title='bbox 786 1900 879 1931; x_wconf 73' lang='lat' dir='ltr'><em>XIV.</em></span> <span class='ocrx_word' id='word_1_309' title='bbox 907 1901 939 1930; x_wconf 73' lang='lat' dir='ltr'>in</span> <span class='ocrx_word' id='word_1_310' title='bbox 963 1900 1122 1931; x_wconf 66' lang='lat' dir='ltr'>lrdazclario</span> <span class='ocrx_word' id='word_1_311' title='bbox 1146 1900 1317 1930; x_wconf 67' lang='lat' dir='ltr'>eommunis</span> <span class='ocrx_word' id='word_1_312' title='bbox 1342 1899 1525 1938; x_wconf 52' lang='lat' dir='ltr'>Papimisiffi</span> <span class='ocrx_word' id='word_1_313' title='bbox 1553 1899 1714 1937; x_wconf 59' lang='lat' dir='ltr'>descripsi!</span> <span class='ocrx_word' id='word_1_314' title='bbox 1745 1900 1806 1930; x_wconf 61' lang='lat' dir='ltr'>iton</span> <span class='ocrx_word' id='word_1_315' title='bbox 1830 1899 1902 1930; x_wconf 71' lang='lat' dir='ltr'>olim</span> 
     </span>
     <span class='ocr_line' id='line_1_30' title="bbox 251 1950 754 1985; baseline 0 -4"><span class='ocrx_word' id='word_1_316' title='bbox 251 1950 283 1981; x_wconf 75' lang='lat' dir='ltr'>J.</span> <span class='ocrx_word' id='word_1_317' title='bbox 304 1950 418 1981; x_wconf 65' lang='lat' dir='ltr'>Fici-er</span> <span class='ocrx_word' id='word_1_318' title='bbox 442 1950 563 1981; x_wconf 61' lang='lat' dir='ltr'>lammis</span> <span class='ocrx_word' id='word_1_319' title='bbox 589 1951 754 1985; x_wconf 70' lang='lat' dir='ltr'>indicatis,·</span> 
     </span>
    </p>

    <p class='ocr_par' dir='ltr' id='par_1_9' title="bbox 360 2010 1488 2051">
     <span class='ocr_line' id='line_1_31' title="bbox 360 2010 1488 2051; baseline 0 -11"><span class='ocrx_word' id='word_1_320' title='bbox 360 2010 418 2040; x_wconf 69' lang='lat' dir='ltr'>Ed.</span> <span class='ocrx_word' id='word_1_321' title='bbox 444 2010 665 2041; x_wconf 68' lang='lat' dir='ltr'>Winkelmmm</span> <span class='ocrx_word' id='word_1_322' title='bbox 683 2011 773 2041; x_wconf 72' lang='lat' dir='ltr'>*Acta</span> <span class='ocrx_word' id='word_1_323' title='bbox 801 2012 922 2051; x_wconf 68' lang='lat' dir='ltr'>imperii</span> <span class='ocrx_word' id='word_1_324' title='bbox 946 2012 1074 2042; x_wconf 55' lang='lat' dir='ltr'>inedias</span> <span class='ocrx_word' id='word_1_325' title='bbox 1100 2011 1224 2043; x_wconf 79' lang='lat' dir='ltr'><em>I[.317</em></span> <span class='ocrx_word' id='word_1_326' title='bbox 1248 2022 1296 2042; x_wconf 72' lang='grc' dir='ltr'>ην.</span> <span class='ocrx_word' id='word_1_327' title='bbox 1315 2014 1377 2040; x_wconf 66' lang='lat'>‚3011</span> <span class='ocrx_word' id='word_1_328' title='bbox 1400 2023 1437 2041; x_wconf 57' lang='lat' dir='ltr'>m*</span> <span class='ocrx_word' id='word_1_329' title='bbox 1462 2013 1488 2041; x_wconf 81' lang='lat'>2.</span> 
     </span>
    </p>
   </div>
   <div class='ocr_carea' id='block_1_8' title="bbox 208 2070 1901 2258">
    <p class='ocr_par' dir='ltr' id='par_1_10' title="bbox 208 2070 1901 2258">
     <span class='ocr_line' id='line_1_32' title="bbox 208 2070 1269 2111; baseline 0.002 -12"><span class='ocrx_word' id='word_1_330' title='bbox 208 2086 232 2105; x_wconf 84' lang='lat'>³0</span> <span class='ocrx_word' id='word_1_331' title='bbox 359 2070 504 2106; x_wconf 61' lang='lat' dir='ltr'>Bijhmer,</span> <span class='ocrx_word' id='word_1_332' title='bbox 534 2070 603 2109; x_wconf 65' lang='lat' dir='ltr'>Ii&#39;ey.</span> <span class='ocrx_word' id='word_1_333' title='bbox 622 2071 733 2101; x_wconf 71' lang='lat' dir='ltr'>Lmlw.</span> <span class='ocrx_word' id='word_1_334' title='bbox 752 2082 786 2109; x_wconf 73' lang='lat' dir='ltr'>p.</span> <span class='ocrx_word' id='word_1_335' title='bbox 804 2072 868 2101; x_wconf 65' lang='lat'>277</span> <span class='ocrx_word' id='word_1_336' title='bbox 892 2082 938 2101; x_wconf 77' lang='lat' dir='ltr'>nr.</span> <span class='ocrx_word' id='word_1_337' title='bbox 958 2073 1039 2101; x_wconf 62' lang='lat'>2713</span> <span class='ocrx_word' id='word_1_338' title='bbox 1064 2071 1188 2103; x_wconf 70' lang='lat' dir='ltr'>(Addit.</span> <span class='ocrx_word' id='word_1_339' title='bbox 1206 2071 1269 2111; x_wconf 79' lang='lat' dir='ltr'><em>II).</em></span> 
     </span>
     <span class='ocr_line' id='line_1_33' title="bbox 358 2164 1901 2206; baseline -0.001 -11"><span class='ocrx_word' id='word_1_340' title='bbox 358 2165 538 2195; x_wconf 87' lang='lat' dir='ltr'>Ludovicus</span> <span class='ocrx_word' id='word_1_341' title='bbox 562 2164 623 2194; x_wconf 84' lang='lat' dir='ltr'>Dei</span> <span class='ocrx_word' id='word_1_342' title='bbox 654 2166 757 2205; x_wconf 69' lang='lat' dir='ltr'>gratia</span> <span class='ocrx_word' id='word_1_343' title='bbox 782 2165 999 2195; x_wconf 84' lang='lat' dir='ltr'>Romanorum</span> <span class='ocrx_word' id='word_1_344' title='bbox 1031 2167 1205 2206; x_wconf 85' lang='lat' dir='ltr'>imperator</span> <span class='ocrx_word' id='word_1_345' title='bbox 1233 2176 1361 2205; x_wconf 77' lang='lat' dir='ltr'>semper</span> <span class='ocrx_word' id='word_1_346' title='bbox 1394 2171 1546 2204; x_wconf 70' lang='lat' dir='ltr'>augustus</span> <span class='ocrx_word' id='word_1_347' title='bbox 1645 2164 1798 2194; x_wconf 80' lang='lat' dir='ltr'>universis</span> <span class='ocrx_word' id='word_1_348' title='bbox 1822 2165 1901 2194; x_wconf 67' lang='lat' dir='ltr'>sacri</span> 
     </span>
     <span class='ocr_line' id='line_1_34' title="bbox 251 2215 1810 2258; baseline -0.001 -12"><span class='ocrx_word' id='word_1_349' title='bbox 251 2216 376 2256; x_wconf 88' lang='lat' dir='ltr'>imperii</span> <span class='ocrx_word' id='word_1_350' title='bbox 400 2216 557 2251; x_wconf 74' lang='lat' dir='ltr'>fidelibus,</span> <span class='ocrx_word' id='word_1_351' title='bbox 582 2217 622 2246; x_wconf 79' lang='lat' dir='ltr'>ad</span> <span class='ocrx_word' id='word_1_352' title='bbox 647 2227 726 2257; x_wconf 83' lang='lat' dir='ltr'>quos</span> <span class='ocrx_word' id='word_1_353' title='bbox 751 2220 915 2257; x_wconf 82' lang='lat' dir='ltr'>presentes</span> <span class='ocrx_word' id='word_1_354' title='bbox 938 2218 1143 2258; x_wconf 85' lang='lat' dir='ltr'>pervenerint</span> <span class='ocrx_word' id='word_1_355' title='bbox 1232 2217 1367 2258; x_wconf 74' lang='lat' dir='ltr'>gratiam</span> <span class='ocrx_word' id='word_1_356' title='bbox 1393 2227 1481 2246; x_wconf 82' lang='lat' dir='ltr'>suam</span> <span class='ocrx_word' id='word_1_357' title='bbox 1507 2220 1538 2245; x_wconf 88' lang='lat' dir='ltr'>et</span> <span class='ocrx_word' id='word_1_358' title='bbox 1565 2226 1657 2245; x_wconf 14' lang='lat' dir='ltr'>(bunne</span> <span class='ocrx_word' id='word_1_359' title='bbox 1682 2215 1810 2245; x_wconf 88' lang='lat' dir='ltr'>bonnm.</span> 
     </span>
    </p>
   </div>
   <div class='ocr_carea' id='block_1_9' title="bbox 208 2266 1901 2820">
    <p class='ocr_par' dir='ltr' id='par_1_11' title="bbox 208 2266 1901 2820">
     <span class='ocr_line' id='line_1_35' title="bbox 358 2266 1901 2309; baseline -0.001 -11"><span class='ocrx_word' id='word_1_360' title='bbox 358 2268 450 2298; x_wconf 85' lang='lat' dir='ltr'>Hanc</span> <span class='ocrx_word' id='word_1_361' title='bbox 467 2268 572 2309; x_wconf 81' lang='lat' dir='ltr'>legem</span> <span class='ocrx_word' id='word_1_362' title='bbox 591 2269 764 2308; x_wconf 78' lang='lat' dir='ltr'>imperialis</span> <span class='ocrx_word' id='word_1_363' title='bbox 782 2269 936 2299; x_wconf 80' lang='lat' dir='ltr'>celsitudo</span> <span class='ocrx_word' id='word_1_364' title='bbox 954 2269 1162 2309; x_wconf 83' lang='lat' dir='ltr'>solempniter</span> <span class='ocrx_word' id='word_1_365' title='bbox 1184 2269 1359 2309; x_wconf 69' lang='lat' dir='ltr'>profitetur,</span> <span class='ocrx_word' id='word_1_366' title='bbox 1387 2272 1419 2297; x_wconf 87' lang='lat' dir='ltr'>ut</span> <span class='ocrx_word' id='word_1_367' title='bbox 1444 2267 1514 2297; x_wconf 85' lang='lat' dir='ltr'>illos</span> <span class='ocrx_word' id='word_1_368' title='bbox 1539 2267 1591 2307; x_wconf 87' lang='lat' dir='ltr'>qui</span> <span class='ocrx_word' id='word_1_369' title='bbox 1617 2277 1744 2306; x_wconf 84' lang='lat' dir='ltr'>semper</span> <span class='ocrx_word' id='word_1_370' title='bbox 1768 2266 1901 2297; x_wconf 87' lang='lat' dir='ltr'>ferventi</span> 
     </span>
     <span class='ocr_line' id='line_1_36' title="bbox 251 2317 1901 2360; baseline -0.001 -11"><span class='ocrx_word' id='word_1_371' title='bbox 251 2319 501 2359; x_wconf 83' lang='lat' dir='ltr'>promptitudine</span> <span class='ocrx_word' id='word_1_372' title='bbox 526 2323 557 2350; x_wconf 85' lang='lat' dir='ltr'>et</span> <span class='ocrx_word' id='word_1_373' title='bbox 582 2319 774 2360; x_wconf 76' lang='lat' dir='ltr'>obsequiosa</span> <span class='ocrx_word' id='word_1_374' title='bbox 798 2320 961 2350; x_wconf 81' lang='lat' dir='ltr'>voluntate</span> <span class='ocrx_word' id='word_1_375' title='bbox 986 2321 1044 2360; x_wconf 76' lang='lat' dir='ltr'>ipsi</span> <span class='ocrx_word' id='word_1_376' title='bbox 1070 2331 1159 2351; x_wconf 81' lang='lat' dir='ltr'>sacro</span> <span class='ocrx_word' id='word_1_377' title='bbox 1182 2320 1326 2350; x_wconf 81' lang='lat' dir='ltr'>Romano</span> <span class='ocrx_word' id='word_1_378' title='bbox 1352 2319 1486 2359; x_wconf 85' lang='lat' dir='ltr'>imperio</span> <span class='ocrx_word' id='word_1_379' title='bbox 1511 2328 1632 2348; x_wconf 85' lang='lat' dir='ltr'>necnon</span> <span class='ocrx_word' id='word_1_380' title='bbox 1658 2317 1901 2358; x_wconf 82' lang='lat' dir='ltr'>imperatoribus</span> 
     </span>
     <span class='ocr_line' id='line_1_37' title="bbox 209 2368 1899 2412; baseline -0.001 -12"><span class='ocrx_word' id='word_1_381' title='bbox 209 2385 232 2403; x_wconf 75' lang='lat'>35</span> <span class='ocrx_word' id='word_1_382' title='bbox 253 2372 285 2400; x_wconf 83' lang='lat' dir='ltr'>et</span> <span class='ocrx_word' id='word_1_383' title='bbox 308 2370 436 2410; x_wconf 85' lang='lat' dir='ltr'>regibus</span> <span class='ocrx_word' id='word_1_384' title='bbox 452 2370 670 2401; x_wconf 84' lang='lat' dir='ltr'>Romanorum</span> <span class='ocrx_word' id='word_1_385' title='bbox 688 2371 920 2402; x_wconf 85' lang='lat' dir='ltr'>bcnivolentins</span> <span class='ocrx_word' id='word_1_386' title='bbox 938 2375 1111 2412; x_wconf 85' lang='lat' dir='ltr'>paruerunt</span> <span class='ocrx_word' id='word_1_387' title='bbox 1136 2375 1167 2401; x_wconf 84' lang='lat' dir='ltr'>et</span> <span class='ocrx_word' id='word_1_388' title='bbox 1188 2371 1325 2402; x_wconf 82' lang='lat' dir='ltr'>fideliter</span> <span class='ocrx_word' id='word_1_389' title='bbox 1342 2371 1519 2401; x_wconf 82' lang='lat' dir='ltr'>servierunt</span> <span class='ocrx_word' id='word_1_390' title='bbox 1543 2371 1631 2399; x_wconf 81' lang='lat' dir='ltr'>iuxta</span> <span class='ocrx_word' id='word_1_391' title='bbox 1656 2368 1794 2399; x_wconf 84' lang='lat' dir='ltr'>officium</span> <span class='ocrx_word' id='word_1_392' title='bbox 1820 2370 1899 2399; x_wconf 85' lang='lat' dir='ltr'>cari-</span> 
     </span>
     <span class='ocr_line' id='line_1_38' title="bbox 252 2421 1901 2464; baseline -0.001 -13"><span class='ocrx_word' id='word_1_393' title='bbox 252 2422 325 2451; x_wconf 86' lang='lat' dir='ltr'>tatis</span> <span class='ocrx_word' id='word_1_394' title='bbox 349 2423 520 2462; x_wconf 85' lang='lat' dir='ltr'>respiciant</span> <span class='ocrx_word' id='word_1_395' title='bbox 544 2423 710 2463; x_wconf 82' lang='lat' dir='ltr'>privilegio</span> <span class='ocrx_word' id='word_1_396' title='bbox 735 2424 851 2453; x_wconf 80' lang='lat' dir='ltr'>amoris</span> <span class='ocrx_word' id='word_1_397' title='bbox 875 2426 907 2453; x_wconf 90' lang='lat' dir='ltr'>et</span> <span class='ocrx_word' id='word_1_398' title='bbox 929 2424 1031 2464; x_wconf 70' lang='lat' dir='ltr'>gratie</span> <span class='ocrx_word' id='word_1_399' title='bbox 1057 2423 1213 2463; x_wconf 84' lang='lat' dir='ltr'>specialis.</span> <span class='ocrx_word' id='word_1_400' title='bbox 1262 2422 1340 2452; x_wconf 49' lang='lat' dir='ltr'>(Tum</span> <span class='ocrx_word' id='word_1_401' title='bbox 1367 2423 1463 2462; x_wconf 81' lang='lat' dir='ltr'>igitur</span> <span class='ocrx_word' id='word_1_402' title='bbox 1480 2421 1594 2451; x_wconf 79' lang='lat' dir='ltr'>nobilis</span> <span class='ocrx_word' id='word_1_403' title='bbox 1618 2431 1654 2450; x_wconf 89' lang='lat' dir='ltr'>ac</span> <span class='ocrx_word' id='word_1_404' title='bbox 1672 2424 1838 2450; x_wconf 81' lang='lat' dir='ltr'>strennuus</span> <span class='ocrx_word' id='word_1_405' title='bbox 1855 2421 1901 2449; x_wconf 76' lang='lat' dir='ltr'>vir</span> 
     </span>
     <span class='ocr_line' id='line_1_39' title="bbox 253 2471 1899 2514; baseline -0.002 -12"><span class='ocrx_word' id='word_1_406' title='bbox 253 2472 417 2503; x_wconf 81' lang='lat' dir='ltr'>Ottorinus</span> <span class='ocrx_word' id='word_1_407' title='bbox 440 2473 631 2504; x_wconf 81' lang='lat' dir='ltr'>Vicecomes</span> <span class='ocrx_word' id='word_1_408' title='bbox 660 2473 742 2504; x_wconf 85' lang='lat' dir='ltr'>filius</span> <span class='ocrx_word' id='word_1_409' title='bbox 771 2474 932 2514; x_wconf 80' lang='lat' dir='ltr'>quondam</span> <span class='ocrx_word' id='word_1_410' title='bbox 956 2474 1069 2505; x_wconf 71' lang='lat' dir='ltr'>&#39;Uberti</span> <span class='ocrx_word' id='word_1_411' title='bbox 1094 2474 1185 2504; x_wconf 88' lang='lat' dir='ltr'>Pichi</span> <span class='ocrx_word' id='word_1_412' title='bbox 1210 2473 1417 2504; x_wconf 85' lang='lat' dir='ltr'>Vieecomitis</span> <span class='ocrx_word' id='word_1_413' title='bbox 1446 2473 1486 2503; x_wconf 89' lang='lat' dir='ltr'>de</span> <span class='ocrx_word' id='word_1_414' title='bbox 1512 2471 1703 2503; x_wconf 75' lang='lat' dir='ltr'>Castelleto.</span> <span class='ocrx_word' id='word_1_415' title='bbox 1734 2474 1840 2500; x_wconf 84' lang='lat' dir='ltr'>noster</span> <span class='ocrx_word' id='word_1_416' title='bbox 1869 2474 1899 2500; x_wconf 89' lang='lat' dir='ltr'>et</span> 
     </span>
     <span class='ocr_line' id='line_1_40' title="bbox 252 2522 1898 2565; baseline -0.003 -12"><span class='ocrx_word' id='word_1_417' title='bbox 252 2524 331 2554; x_wconf 88' lang='lat' dir='ltr'>sacri</span> <span class='ocrx_word' id='word_1_418' title='bbox 357 2525 481 2564; x_wconf 89' lang='lat' dir='ltr'>imperii</span> <span class='ocrx_word' id='word_1_419' title='bbox 506 2525 643 2556; x_wconf 83' lang='lat' dir='ltr'>Romani</span> <span class='ocrx_word' id='word_1_420' title='bbox 667 2525 770 2555; x_wconf 82' lang='lat' dir='ltr'>fidelis</span> <span class='ocrx_word' id='word_1_421' title='bbox 795 2525 952 2561; x_wconf 51' lang='lat' dir='ltr'>dilectus(</span> <span class='ocrx_word' id='word_1_422' title='bbox 975 2526 1038 2555; x_wconf 85' lang='lat' dir='ltr'>suis</span> <span class='ocrx_word' id='word_1_423' title='bbox 1062 2526 1247 2556; x_wconf 85' lang='lat' dir='ltr'>successivis</span> <span class='ocrx_word' id='word_1_424' title='bbox 1272 2525 1434 2565; x_wconf 81' lang='lat' dir='ltr'>obsequiis</span> <span class='ocrx_word' id='word_1_425' title='bbox 1459 2528 1490 2553; x_wconf 89' lang='lat' dir='ltr'>et</span> <span class='ocrx_word' id='word_1_426' title='bbox 1520 2522 1727 2553; x_wconf 84' lang='lat' dir='ltr'>fidelitatibus</span> <span class='ocrx_word' id='word_1_427' title='bbox 1753 2525 1898 2561; x_wconf 78' lang='lat' dir='ltr'>prompta.</span> 
     </span>
     <span class='ocr_line' id='line_1_41' title="bbox 252 2573 1899 2617; baseline -0.002 -12"><span class='ocrx_word' id='word_1_428' title='bbox 252 2578 284 2605; x_wconf 89' lang='lat' dir='ltr'>et</span> <span class='ocrx_word' id='word_1_429' title='bbox 307 2576 430 2616; x_wconf 83' lang='lat' dir='ltr'>grativa</span> <span class='ocrx_word' id='word_1_430' title='bbox 454 2576 616 2606; x_wconf 83' lang='lat' dir='ltr'>voluntate</span> <span class='ocrx_word' id='word_1_431' title='bbox 641 2586 769 2616; x_wconf 84' lang='lat' dir='ltr'>semper</span> <span class='ocrx_word' id='word_1_432' title='bbox 793 2587 869 2617; x_wconf 80' lang='lat' dir='ltr'>erga</span> <span class='ocrx_word' id='word_1_433' title='bbox 894 2587 950 2607; x_wconf 82' lang='lat' dir='ltr'>nos</span> <span class='ocrx_word' id='word_1_434' title='bbox 981 2580 1012 2607; x_wconf 89' lang='lat' dir='ltr'>et</span> <span class='ocrx_word' id='word_1_435' title='bbox 1037 2577 1155 2607; x_wconf 85' lang='lat' dir='ltr'>dietum</span> <span class='ocrx_word' id='word_1_436' title='bbox 1180 2587 1304 2607; x_wconf 84' lang='lat' dir='ltr'>sacrum</span> <span class='ocrx_word' id='word_1_437' title='bbox 1329 2576 1499 2616; x_wconf 89' lang='lat' dir='ltr'>imperium</span> <span class='ocrx_word' id='word_1_438' title='bbox 1527 2573 1691 2604; x_wconf 75' lang='lat' dir='ltr'>benivolus</span> <span class='ocrx_word' id='word_1_439' title='bbox 1714 2573 1899 2612; x_wconf 79' lang='lat' dir='ltr'>apparuerit</span> 
     </span>
     <span class='ocr_line' id='line_1_42' title="bbox 208 2622 1897 2668; baseline -0.004 -11"><span class='ocrx_word' id='word_1_440' title='bbox 208 2642 233 2658; x_wconf 63' lang='grc' dir='ltr'>ω</span> <span class='ocrx_word' id='word_1_441' title='bbox 252 2629 283 2656; x_wconf 79' lang='lat' dir='ltr'>et</span> <span class='ocrx_word' id='word_1_442' title='bbox 308 2627 434 2661; x_wconf 81' lang='lat' dir='ltr'>existat,</span> <span class='ocrx_word' id='word_1_443' title='bbox 459 2627 557 2667; x_wconf 77' lang='lat' dir='ltr'>ipsius</span> <span class='ocrx_word' id='word_1_444' title='bbox 580 2627 670 2657; x_wconf 85' lang='lat' dir='ltr'>iustis</span> <span class='ocrx_word' id='word_1_445' title='bbox 694 2627 979 2667; x_wconf 85' lang='lat' dir='ltr'>supplicationibus</span> <span class='ocrx_word' id='word_1_446' title='bbox 1003 2627 1220 2658; x_wconf 78' lang='lat' dir='ltr'>favorabiliter</span> <span class='ocrx_word' id='word_1_447' title='bbox 1244 2631 1276 2657; x_wconf 88' lang='lat' dir='ltr'>et</span> <span class='ocrx_word' id='word_1_448' title='bbox 1300 2628 1446 2668; x_wconf 77' lang='lat' dir='ltr'>gratioxe</span> <span class='ocrx_word' id='word_1_449' title='bbox 1470 2635 1609 2655; x_wconf 75' lang='lat' dir='ltr'>annuere</span> <span class='ocrx_word' id='word_1_450' title='bbox 1634 2624 1813 2663; x_wconf 72' lang='lat' dir='ltr'>cupientes,</span> <span class='ocrx_word' id='word_1_451' title='bbox 1839 2622 1897 2651; x_wconf 86' lang='lat' dir='ltr'>sibi</span> 
     </span>
     <span class='ocr_line' id='line_1_43' title="bbox 253 2674 1897 2719; baseline -0.003 -12"><span class='ocrx_word' id='word_1_452' title='bbox 253 2678 486 2716; x_wconf 82' lang='lat' dir='ltr'>possessionem</span> <span class='ocrx_word' id='word_1_453' title='bbox 511 2688 567 2708; x_wconf 83' lang='lat' dir='ltr'>seu</span> <span class='ocrx_word' id='word_1_454' title='bbox 591 2679 687 2718; x_wconf 82' lang='lat' dir='ltr'>quaxi</span> <span class='ocrx_word' id='word_1_455' title='bbox 710 2679 789 2709; x_wconf 90' lang='lat' dir='ltr'>meri</span> <span class='ocrx_word' id='word_1_456' title='bbox 818 2682 849 2709; x_wconf 89' lang='lat' dir='ltr'>et</span> <span class='ocrx_word' id='word_1_457' title='bbox 879 2680 963 2709; x_wconf 83' lang='lat' dir='ltr'>misti</span> <span class='ocrx_word' id='word_1_458' title='bbox 988 2679 1113 2719; x_wconf 88' lang='lat' dir='ltr'>imperii</span> <span class='ocrx_word' id='word_1_459' title='bbox 1138 2682 1170 2709; x_wconf 92' lang='lat' dir='ltr'>et</span> <span class='ocrx_word' id='word_1_460' title='bbox 1198 2679 1349 2719; x_wconf 87' lang='lat' dir='ltr'>simplicis</span> <span class='ocrx_word' id='word_1_461' title='bbox 1380 2676 1604 2707; x_wconf 64' lang='lat' dir='ltr'>iurisdictisuiis</span> <span class='ocrx_word' id='word_1_462' title='bbox 1634 2674 1726 2704; x_wconf 70' lang='lat' dir='ltr'>castri</span> <span class='ocrx_word' id='word_1_463' title='bbox 1756 2677 1787 2703; x_wconf 82' lang='lat' dir='ltr'>et</span> <span class='ocrx_word' id='word_1_464' title='bbox 1816 2677 1897 2703; x_wconf 81' lang='lat' dir='ltr'>terre</span> 
     </span>
     <span class='ocr_line' id='line_1_44' title="bbox 253 2726 1895 2761; baseline -0.003 -3"><span class='ocrx_word' id='word_1_465' title='bbox 253 2727 291 2758; x_wconf 87' lang='lat' dir='ltr'>de</span> <span class='ocrx_word' id='word_1_466' title='bbox 317 2728 490 2759; x_wconf 82' lang='lat' dir='ltr'>Castelleto</span> <span class='ocrx_word' id='word_1_467' title='bbox 516 2729 596 2759; x_wconf 88' lang='lat' dir='ltr'>dioc.</span> <span class='ocrx_word' id='word_1_468' title='bbox 622 2729 793 2760; x_wconf 82' lang='lat' dir='ltr'>Novarien.</span> <span class='ocrx_word' id='word_1_469' title='bbox 818 2733 849 2760; x_wconf 87' lang='lat' dir='ltr'>et</span> <span class='ocrx_word' id='word_1_470' title='bbox 874 2731 1067 2761; x_wconf 86' lang='lat' dir='ltr'>territorium</span> <span class='ocrx_word' id='word_1_471' title='bbox 1093 2741 1202 2760; x_wconf 88' lang='lat' dir='ltr'>eorum</span> <span class='ocrx_word' id='word_1_472' title='bbox 1228 2734 1260 2760; x_wconf 85' lang='lat' dir='ltr'>et</span> <span class='ocrx_word' id='word_1_473' title='bbox 1283 2730 1447 2759; x_wconf 87' lang='lat' dir='ltr'>hominum</span> <span class='ocrx_word' id='word_1_474' title='bbox 1473 2738 1527 2757; x_wconf 87' lang='lat' dir='ltr'>seu</span> <span class='ocrx_word' id='word_1_475' title='bbox 1560 2728 1589 2756; x_wconf 95' lang='lat' dir='ltr'>in</span> <span class='ocrx_word' id='word_1_476' title='bbox 1614 2726 1758 2755; x_wconf 75' lang='lat' dir='ltr'>homines</span> <span class='ocrx_word' id='word_1_477' title='bbox 1783 2734 1895 2753; x_wconf 87' lang='lat' dir='ltr'>eorun-</span> 
     </span>
     <span class='ocr_line' id='line_1_45' title="bbox 253 2774 1895 2820; baseline -0.004 -11"><span class='ocrx_word' id='word_1_478' title='bbox 253 2778 325 2809; x_wconf 86' lang='lat' dir='ltr'>dem</span> <span class='ocrx_word' id='word_1_479' title='bbox 350 2783 382 2810; x_wconf 91' lang='lat' dir='ltr'>et</span> <span class='ocrx_word' id='word_1_480' title='bbox 407 2781 545 2810; x_wconf 88' lang='lat' dir='ltr'>omnium</span> <span class='ocrx_word' id='word_1_481' title='bbox 563 2780 773 2820; x_wconf 82' lang='lat' dir='ltr'>pedagiorum</span> <span class='ocrx_word' id='word_1_482' title='bbox 798 2792 852 2812; x_wconf 85' lang='lat' dir='ltr'>seu</span> <span class='ocrx_word' id='word_1_483' title='bbox 877 2782 1076 2812; x_wconf 83' lang='lat' dir='ltr'>teloneorum</span> <span class='ocrx_word' id='word_1_484' title='bbox 1102 2781 1255 2812; x_wconf 85' lang='lat' dir='ltr'>hactenus</span> <span class='ocrx_word' id='word_1_485' title='bbox 1279 2781 1322 2811; x_wconf 89' lang='lat' dir='ltr'>ibi</span> <span class='ocrx_word' id='word_1_486' title='bbox 1347 2780 1452 2819; x_wconf 27' lang='lat' dir='ltr'>coligi*</span> <span class='ocrx_word' id='word_1_487' title='bbox 1478 2779 1562 2817; x_wconf 77' lang='lat' dir='ltr'>exigi</span> <span class='ocrx_word' id='word_1_488' title='bbox 1589 2780 1619 2807; x_wconf 86' lang='lat' dir='ltr'>et</span> <span class='ocrx_word' id='word_1_489' title='bbox 1644 2775 1761 2815; x_wconf 63' lang='lat' dir='ltr'>percipi</span> <span class='ocrx_word' id='word_1_490' title='bbox 1787 2774 1895 2804; x_wconf 86' lang='lat' dir='ltr'>solito-</span> 
     </span>
    </p>
   </div>
   <div class='ocr_carea' id='block_1_10' title="bbox 1640 2837 1691 2862">
    <p class='ocr_par' dir='ltr' id='par_1_12' title="bbox 1640 2837 1691 2862">
     <span class='ocr_line' id='line_1_46' title="bbox 1640 2837 1691 2862; baseline 0.059 -3"><span class='ocrx_word' id='word_1_491' title='bbox 1640 2837 1691 2862; x_wconf 68' lang='lat'>037*</span> 
     </span>
    </p>
   </div>
  </div>
 </body>
</html>
