2205 3025
328 178 386 207 1138
558 173 652 200 ACTA
673 172 783 198 REGNJ
803 169 987 197 LUDEWICI
1007 169 1054 195 IV.
1074 169 1118 194 ET
1139 168 1323 205 FfflDEfflel
1343 168 1391 194 ΙΙΙ.
1429 167 1503 194 1327.
1540 167 1587 193 Nr.
1601 166 1658 192 258.
1677 166 1736 193 259.

323 259 491 291 Bertholdi
516 259 639 289 comitis
663 257 702 288 dc
720 256 955 287 chucnberch
972 255 1136 285 secretarii
1152 255 1250 285 nostri
1267 254 1374 285 dilecti
1400 254 1494 294 plene
1511 253 1619 283 confisi
1644 256 1676 283 et
1693 252 1817 293 experti
1834 252 1971 283 eundem

325 315 465 342 nostrum
485 311 616 340 fovimus
641 312 672 338 et
689 309 822 339 facimus
846 308 876 337 111
893 307 953 337 hiis
970 306 1095 346 scriptis
1112 309 1352 346 procuratorem
1368 305 1546 346 legitimum
1572 307 1604 334 et
1620 304 1769 334 nuncium
1786 302 1970 344 specialem,

325 362 436 392 dantes
461 364 493 390 et
516 360 728 390 concedentes
752 358 857 389 cidem
882 358 1059 397 plenariam
1082 359 1276 396 potestatem
1302 360 1333 387 et
1348 356 1534 386 mandatum
1559 355 1708 396 speciale,
1733 354 1845 385 illustri
1861 354 1971 384 Ludo-

325 414 402 443 wico
431 411 605 442 marchioni
629 409 910 447 Brandeburgensi
935 408 1149 448 primogenito
1178 410 1209 437 et
1238 408 1372 448 principi
1401 411 1508 437 nostro
1538 406 1720 441 karissimo,
1745 406 1832 436 cuius
1863 415 1971 436 curam

324 464 463 503 gerimus
487 465 519 492 et
542 462 686 495 tutelam,
710 461 741 490 in
765 469 914 500 sponsam
939 463 971 489 et
992 469 1127 489 uxorem
1149 458 1286 489 ducendi
1311 467 1545 499 quamcumque
1563 457 1737 488 secundnm
1754 457 1972 488 condicionem

325 502 357 543 ct
381 523 480 554 genus
505 523 595 542 suum
619 512 677 541 sibi
703 511 819 541 viderit
848 513 879 541 et
908 509 1080 540 crediderit
1108 509 1263 550 expedire
1297 513 1329 540 et
1351 509 1512 550 sponsalia
1541 509 1641 539 eciam
1670 508 1710 538 de
1737 507 1878 549 presenti
1901 507 1974 538 hinc

327 564 398 594 inde
423 563 569 594 firmandi
592 563 778 592 iuramentis
803 564 835 591 et
860 559 1065 591 caucionibus
1082 560 1334 601 quibuscumque
1360 563 1391 591 et
1415 561 1500 591 omni
1525 559 1631 599 modo,
1656 560 1736 590 sicut
1760 559 1855 590 fuerit
1879 569 1973 599 opor-

325 623 448 648 tunum,
479 615 586 645 dotem
617 617 648 644 01
677 613 887 644 donacionem
916 616 1048 652 propter
1077 612 1209 652 nupcias
1237 612 1415 642 alterutrim
1448 610 1670 652 promittendi,
1705 609 1918 641 constituendi
1944 613 1976 640 et

324 666 504 707 paciscendi
529 669 561 695 et
584 664 728 705 quelibet
751 664 815 694 alia
838 663 997 700 faciendi,
1027 674 1161 704 quorum
1185 664 1216 693 in
1241 663 1403 703 premissis
1428 663 1479 693 vel
1508 663 1592 693 circa
1616 662 1771 703 premissa
1797 662 1974 702 quomodo-

325 717 403 748 libct
431 728 510 757 opus
542 716 649 751 fuerit,
682 715 811 746 eciamsi
841 714 1027 745 mandatum
1056 716 1224 755 exegerint
1254 715 1404 754 speciale.
1465 713 1584 744 Ratum
1615 716 1647 744 et
1679 716 1804 754 gratum
1834 713 1974 743 habituri

325 768 475 809 quicquid
498 767 583 798 idem
609 770 795 808 procurator
818 770 925 796 noster
949 766 980 795 in
1004 766 1166 806 premissis
1191 766 1240 796 vel
1270 765 1353 796 circa
1382 765 1539 806 premissa
1570 768 1602 796 et
1630 775 1668 795 ea
1692 764 1914 805 contingencia
1943 767 1975 794 et

326 819 489 860 quodlibet
518 819 692 849 ciffundem
722 817 958 858 procurandum
988 817 1115 847 duxerit
1144 820 1176 847 et
1203 817 1374 858 agendum.
1425 817 1655 847 Promittentcs
1682 815 1767 846 bona
1797 815 1860 846 fide
1889 815 1975 856 quod

326 870 564 906 ratiticabimus„
590 869 791 900 laudabimus
816 872 847 899 et
870 868 1128 899 confirmabimus
1156 869 1281 909 scriptis
1305 869 1419 898 nostris
1449 871 1480 899 et
1508 868 1612 898 modis
1640 868 1710 898 aliis
1740 867 1903 907 oportunis
1934 877 1975 898 ex

326 922 483 962 postfacto
508 924 625 953 totum,
650 920 734 960 quod
759 920 843 950 idem
869 930 976 950 coines
1001 920 1103 960 egerit
1132 923 1163 950 et
1188 920 1406 960 procuraverit
1432 920 1463 950 iu
1493 919 1639 950 omnibus
1668 922 1701 950 et
1729 919 1860 959 singulis
1885 922 1974 949 ante-

327 973 426 1003 dictis.
452 972 558 1002 statim
583 975 753 1012 postquam
778 971 809 1000 in
833 974 973 1001 nostram
998 971 1148 1002 noticiam
1173 974 1244 1001 sunt
1268 971 1415 1001 deducta.
1506 970 1542 1000 Iu
1567 971 1654 1001 cuius
1682 971 1728 1001 rei
1757 970 1974 1000 testimonium

326 1026 492 1064 presentes
516 1023 669 1053 conscribi
695 1026 727 1052 et
750 1022 855 1062 sigillo
879 1023 968 1063 regie
992 1023 1169 1053 maiestatis
1193 1023 1341 1052 iussimus
1365 1023 1562 1054 communiri.

433 1074 504 1104 Dat.
531 1074 690 1113 Tridenti,
724 1074 762 1104 V.
786 1074 900 1104 Kalen.
932 1073 1057 1109 Marcii,
1089 1084 1171 1104 anuo
1204 1073 1333 1104 Domini
1364 1073 1533 1104 millesimo
1569 1073 1794 1103 trecentesimo
1823 1073 1975 1103 vicesimo

326 1127 471 1166 septimo,
495 1127 584 1166 regni
608 1136 682 1155 vero
707 1125 805 1156 nostri
829 1135 911 1155 anno
936 1125 1172 1155 terciodecimo.

355 1237 436 1271 259.
480 1237 760 1272 I'rocmtttmr'nm
790 1248 892 1282 super
918 1239 1066 1282 pecunia
1095 1250 1115 1271 (ι
1144 1249 1218 1282 rcgye
1246 1236 1426 1272 Danorecm
1456 1238 1660 1282 recipienda.
1771 1237 1868 1272 Febr.
1889 1238 1950 1272 125.

438 1310 595 1349 Origliimlc
608 1312 676 1349 (or.)
694 1310 813 1341 ibidem.
845 1311 983 1342 Contulit
994 1311 1153 1344 Fsisslem.
1184 1311 1287 1351 Siyilli
1297 1311 1514 1352 smyrnensium
1528 1311 1640 1350 pendet
1657 1310 1720 1342 loro
1737 1311 1976 1343 membranaceo.
1997 1326 2008 1344 2

328 1362 368 1392 In
398 1371 480 1392 serso
507 1361 633 1400 livitus:
668 1363 852 1393 Auctoritas
880 1363 955 1394 data
984 1363 1113 1394 domino
1142 1364 1293 1405 exigendi
1322 1367 1354 1394 et
1382 1363 1557 1404 recipiendi
1581 1374 1599 1393 a
1624 1363 1752 1393 domino
1777 1363 1976 1394 Christoforo

327 1413 489 1444 Dauorum
513 1423 587 1453 rege
612 1413 677 1443 XII
701 1413 788 1444 milia
811 1424 907 1445 marc.
932 1415 1066 1455 argenti.
1113 1415 1272 1454 Seriphon
1298 1417 1341 1445 cst
1364 1414 1468 1446 cadem
1494 1424 1590 1444 mama
1613 1424 1650 1444 αν
1674 1424 1722 1445 ην.
1739 1414 1812 1444 258.

432 1472 578 1507 Βόῑιηινν,
602 1472 675 1511 Ray.
700 1472 811 1505 [ΛΜΨ.
831 1484 864 1512 2).
883 1475 922 1503 :35
947 1485 994 1505 nr.
1014 1475 1086 1506 928.

436 1558 501 1587 Nos
526 1557 716 1588 Ludowicus
740 1559 800 1589 1)οἰ
829 1561 938 1599 gracia
962 1560 1181 1590 Romanorum
1211 1570 1269 1590 rex
1292 1570 1420 1601 semper
1444 1562 1597 1601 augustus
1626 1563 1734 1590 notum
1760 1560 1893 1590 facimus
1920 1570 1978 1601 per

328 1618 490 1648 presentes
515 1609 574 1638 biis
591 1610 730 1640 maxime
755 1621 891 1651 quorum
908 1612 1041 1642 interest
1064 1612 1115 1642 vel
1133 1613 1251 1652 poterit
1266 1613 1432 1651 interesse7
1457 1611 1542 1652 quod
1558 1622 1615 1642 nos
1640 1611 1679 1642 de
1696 1621 1833 1652 persona
1851 1614 1976 1652 specta·
1997 1624 2007 1643 ‘2

327 1659 399 1689 bilis
423 1660 479 1689 viri
504 1660 672 1690 Bertlioldi
697 1663 820 1692 comitis
845 1662 884 1693 (10
902 1662 1122 1703 Hennenberg
1147 1664 1311 1694 secretarii
1335 1664 1433 1694 nostri
1458 1663 1566 1693 dilecti
1591 1667 1623 1693 et
1647 1663 1714 1693 eius
1738 1662 1921 1693 sinceritate
1947 1666 1978 1693 et

327 1710 388 1740 tide
414 1711 507 1750 plene
532 1711 653 1747 confisu
679 1713 781 1752 ipsum
806 1718 947 1744 nostrum
972 1718 1230 1755 procuratorem,
1255 1715 1519 1745 ambassiatorem
1550 1718 1582 1745 et
1604 1714 1753 1744 nuncium
1783 1714 1917 1744 fecimus
1947 1718 1979 1745 et

328 1762 462 1791 facimus
491 1762 519 1790 in
551 1762 609 1791 hiis
638 1764 776 1803 scriptis,
807 1763 919 1795 dantes
949 1768 981 1796 et
1010 1766 1222 1796 concedentes
1253 1766 1357 1797 cidem
1390 1777 1446 1806 pro
1478 1765 1570 1796 nobis
1599 1769 1631 1796 et
1660 1765 1772 1795 illustri
1803 1765 1977 1796 Ludowico

327 1812 510 1843 mars-biom¹
528 1813 807 1855 Brandcluirgcnsi
826 1816 1039 1857 primogenito
1065 1820 1097 1847 et
1113 1817 1246 1857 principi
1264 1820 1371 1848 nostro
1389 1817 1569 1848 karissimo.
1594 1817 1681 1847 cuius
1706 1827 1813 1847 curam
1837 1817 1977 1857 gerimus

304 1899 310 1906 θ
327 1871 359 1893 ct
382 1863 525 1895 1111010111,
551 1863 681 1895 liberam
707 1869 900 1905 potestatem
927 1872 958 1898 ct
982 1867 1167 1898 mandatum
1192 1868 1343 1909 speciale}
1368 1879 1386 1899 a
1410 1869 1579 1908 magnifico
1597 1867 1794 1898 Christoforo
1812 1866 1977 1898 Danorum

329 1922 360 1944 et
384 1914 567 1944 Selavorum
594 1926 669 1956 regi¹
695 1917 792 1947 fratre
818 1922 924 1948 nostro
950 1930 1105 1950 suminam
1135 1919 1306 1950 duodecim
1334 1920 1456 1949 milium
1486 1929 1664 1949 marcarum
1693 1919 1818 1959 argenti
1847 1919 1916 1958 puri
1947 1922 1978 1949 et

327 1965 433 2005 phini'l
455 1965 741 2007 Magdcburgcnsis
765 1968 914 2008 ponderis
939 1973 970 2000 ct
988 1970 1103 2000 valoris
1120 1971 1319 2011 promissam,
1345 1971 1560 2007 constitutam,
1585 1973 1712 2010 pactam
1737 1973 1769 1999 et
1793 1969 1978 2010 stipulatam

328 2027 386 2056 pcr
414 2026 485 2046 cum
515 2020 620 2047 nostro
656 2018 719 2048 filio
751 2019 912 2050 antedicto
942 2022 971 2050 in
1002 2021 1111 2052 dotem
1141 2026 1172 2052 ct
1200 2033 1257 2062 pro
1287 2022 1361 2052 dote
1391 2021 1498 2052 inclite
1527 2021 1710 2061 Margarete
1742 2021 1805 2051 filie
1835 2031 1890 2052 sne
1919 2021 1979 2051 sibi

329 2067 554 2107 desponsatam
573 2072 604 2098 et
622 2069 789 2099 traditam³
806 2071 835 2100 in
853 2082 985 2102 uxorem
1003 2073 1164 2113 exigendi,
1189 2073 1329 2114 petendi,
1355 2072 1538 2114 requirendi
1559 2076 1591 2103 et
1609 2072 1782 2113 recipiendi
1806 2073 1837 2102 in
1854 2075 1921 2103 toto
1947 2075 1979 2103 et

327 2118 358 2147 in
382 2122 473 2157 parte
498 2118 590 2148 simul
615 2123 646 2149 et
663 2122 849 2152 successive.
875 2123 955 2152 sicut
972 2123 1080 2153 oblata
1097 2125 1155 2154 sibi
1181 2124 1277 2155 fucrit
1301 2127 1332 2154 et
1349 2125 1504 2164 placuerit
1521 2124 1677 2164 recipere⁷
1701 2134 1824 2154 necnon
1841 2123 1977 2154 eandem

328 2179 484 2199 summam
510 2171 642 2209 pecunie
668 2176 830 2211 receptam
856 2176 979 2206 tencre.
1006 2185 1140 2216 crogare
1166 2180 1197 2206 et
1221 2175 1413 2206 distribuere
1437 2175 1612 2206 secundum
1637 2175 1823 2205 divisionem
1848 2178 1880 2205 et
1904 2185 1976 2215 par—

328 2220 478 2250 ticionem
504 2220 622 2251 dudum
648 2232 705 2261 por
729 2233 785 2253 nos
810 2234 866 2263 pro
891 2226 1023 2265 singulis
1048 2226 1226 2257 ordinatam
1256 2230 1289 2257 et
1312 2237 1408 2267 super
1431 2226 1613 2257 huiusmodi
1637 2227 1773 2266 pecunie
1797 2226 1977 2266 quantitate

328 2274 458 2311 recepta
483 2275 515 2301 et
539 2271 707 2302 distributa
731 2273 849 2303 dictum
875 2286 983 2315 rcgcm
1009 2288 1065 2317 pro
1090 2278 1181 2308 nobis
1207 2288 1243 2309 ac
1267 2279 1336 2319 ipso
1360 2278 1424 2308 filio
1449 2281 1557 2308 nostro
1583 2277 1754 2318 quistandi,
1783 2277 1921 2318 quittum
1947 2279 1979 2307 et

329 2322 467 2352 solutum
492 2322 645 2353 reddendi
671 2328 702 2354 ct
726 2325 896 2365 clamandi,
923 2332 1025 2358 cartas
1055 2332 1085 2359 ct
1110 2331 1320 2360 instrumenta
1350 2340 1445 2370 super
1474 2340 1511 2359 eo
1541 2327 1728 2360 conficiendi
1759 2331 1791 2358 et
1818 2327 1975 2365 tradendi5

328 2374 497 2404 caucioncs
521 2374 616 2404 dandi
642 2378 672 2405 et
697 2376 840 2416 quelibet
867 2377 929 2407 alia
958 2378 1110 2418 faciendi,
1140 2391 1272 2421 quorum
1302 2382 1332 2411 in
1361 2381 1523 2421 premissis
1551 2379 1602 2410 vel
1630 2380 1713 2410 circa
1741 2379 1896 2419 premissa
1926 2379 1976 2409 vel

330 2424 495 2465 quodlibet
520 2426 746 2465 premissorum
777 2438 855 2467 opus
884 2429 991 2462 fucrit.
1022 2431 1149 2461 cciamsi
1181 2432 1366 2462 mandatum
1395 2432 1564 2473 exegerint
1592 2430 1740 2472 speciale.
1796 2429 1915 2460 Ratum
1945 2434 1977 2460 et

329 2479 454 2515 gratum
480 2476 616 2507 habituri
635 2478 779 2518 quitquid
798 2478 938 2519 prefatus
956 2490 1062 2511 comcs
1081 2483 1298 2522 procuratorio
1323 2484 1449 2513 nomine
1474 2483 1572 2513 nostri
1597 2486 1629 2513 et
1652 2481 1768 2522 prefati
1785 2481 1978 2511 marchionis

329 2528 358 2557 in
385 2527 531 2557 omnibus
555 2532 587 2558 et
610 2529 740 2569 singulis
757 2529 925 2561 antedictis
943 2532 1186 2571 quomodolibet
1209 2534 1442 2574 procuramlum
1466 2533 1590 2564 duxerit
1614 2532 1665 2564 vel
1681 2532 1851 2573 agendum.
1940 2532 1977 2561 In

330 2578 417 2608 cuius
441 2579 484 2608 rei
511 2580 727 2610 tostnmmium
751 2584 916 2620 presentes
940 2583 1093 2613 conscribi
1120 2592 1151 2614 et
1175 2585 1278 2624 sigillo
1304 2586 1392 2625 regie
1417 2585 1592 2615 maiestatis
1616 2585 1762 2614 iussimus
1779 2583 1975 2614 communiri.

1994 721 2019 740 10

1995 978 2019 997 15

1997 1879 2022 1898 30

1997 2134 2021 2152 35

1996 2389 2023 2407 40

437 2629 509 2660 Dat.
540 2630 624 2670 apud
654 2631 881 2670 'l'1·i‹‘l‹=nt(uin›.
914 2633 951 2662 V.
971 2633 1084 2664 Kalen.
1112 2635 1235 2668 Marcii.
1273 2646 1355 2665 anno
1384 2636 1512 2666 Domini
1548 2635 1717 2666 millesimo
1748 2635 1973 2665 trecentesimo
1994 2644 2022 2661 45

329 2680 480 2711 vicesimo
505 2681 650 2721 septimo,
675 2683 762 2722 regni
789 2692 863 2713 vcro
887 2684 982 2713 nostri
1009 2695 1090 2715 anuo
1117 2686 1351 2717 terciodccinm.

433 2756 498 2783 259.
525 2758 548 2785 ss)
567 2759 601 2782 sir*
620 2768 656 2783 ost.
