2205 3025
572 119 668 145 ACTA
687 119 799 145 REGNI
819 118 1003 146 LUDEWICI
1024 119 1069 146 IV.
1109 119 1182 146 1330.
1220 119 1339 146 Ν1’.693.
1353 118 1410 146 694.
1430 119 1488 145 695.
1793 122 1854 152 593

438 267 523 302 693.
564 266 715 302 Litterae
745 268 790 302 (ιιῐ
812 267 989 302 Albertum
1018 268 1133 302 (lucem
1162 268 1334 302 Austre'ae.
1440 268 1540 302 Febr.
1560 269 1622 302 227.

317 341 415 380 Copia
439 341 491 381 (c.)
520 341 632 372 ibidem
659 344 729 372 tom.
747 341 843 372 11511
868 341 1002 378 fol.1(›‘:i
1030 341 1190 372 nr.1931.
1241 340 1440 372 Contulimus
1467 352 1533 372 nos.
1573 361 1613 364 —
1648 341 1710 372 Ed.
1733 340 1856 372 Riealer

205 392 360 423 ‘Vatikau
383 392 498 423 Aleten'
515 403 550 431 p.
568 393 631 422 449
654 393 805 423 ozi-‚1276
828 403 866 424 ea·
889 402 914 423 c..
940 392 1177 433 (decurtatum).

311 477 445 509 Alberto
471 478 543 508 duci
567 478 707 509 Austrie.

171 537 183 554 ⁵
310 528 383 559 Non
407 528 474 558 sine
499 529 719 568 compassione
743 532 774 559 te
798 528 842 558 fili
866 527 962 558 fuisse
986 532 1153 569 gravatum
1176 528 1360 559 infirmitate
1386 529 1543 570 corporali
1569 530 1655 570 prius
1676 530 1855 560 audivimus

203 582 236 610 et
263 579 494 619 subsequenter
526 578 590 609 leto
618 579 822 620 percepimus
850 579 956 609 animo
985 582 1016 610 te
1048 579 1177 610 sanitati
1207 581 1338 620 pristine
1370 581 1538 611 assistente
1567 581 1624 611 tibi
1654 580 1761 612 divina
1789 581 1854 612 ole-

202 631 328 661 mencia
351 630 542 661 restitutum.
592 630 779 661 Nobilitatis
807 634 861 661 tue
885 630 1093 671 prudenciam
1117 634 1267 671 rogantes
1296 635 1328 662 et
1350 630 1516 662 hortantes
1541 634 1676 671 attente,
1706 633 1855 673 quatinus

203 682 243 720 ei,
268 682 321 722 qui
345 685 376 712 te
400 682 539 712 visitavit
562 682 811 712 misericorditer
838 685 871 713 et
901 682 1076 713 clementer
1104 683 1241 713 restituit
1266 683 1409 717 sanitati,
1445 683 1485 713 ad
1515 684 1689 724 gratiarum
1718 683 1855 714 humiles

202 734 345 764 actiones
368 743 538 773 assurgens
562 733 688 773 operari
712 743 773 774 que
798 732 856 763 sibi
880 733 999 774 placita
1022 733 1138 764 fuerint
1162 737 1194 764 et
1217 734 1256 764 ab
1274 733 1344 773 hiis,
1370 744 1431 774 que
1448 744 1503 764 sue
1520 735 1707 775 magestatis
1724 738 1856 775 possent

158 791 183 809 10
203 784 330 815 occulos
348 784 521 819 offendere,
546 783 675 814 studeas
699 784 868 823 abstinere,
892 784 923 814 in
948 784 1118 815 devotione
1143 787 1250 815 sancte
1268 785 1379 815 matris
1403 785 1537 816 ecclesie
1562 786 1656 816 solita
1673 788 1855 816 constanter

203 839 235 866 et
252 835 459 866 immobiliter
474 834 685 875 persistendo,
710 836 867 866 attencius
884 835 1105 866 nichilominus
1125 836 1317 876 provisurus,
1343 846 1382 866 ne
1406 836 1451 866 illi
1476 836 1649 877 dampnato
1674 837 1853 868 scismatico

203 891 236 917 et
252 887 394 918 heretico
411 885 574 917 Lodovico
599 886 674 916 olim
691 886 829 917 Bavarie
854 886 925 916 duci
950 890 1005 917 aut
1028 887 1095 917 eius
1112 887 1320 927 complicibus
1344 891 1376 918 et
1400 888 1590 928 sequacibus
1615 888 1772 919 adhereas
1796 899 1854 919 nec

202 941 234 968 te
264 948 418 978 penarum
450 940 483 968 et
510 937 739 967 sententiarum
767 937 912 977 gravium
943 938 1093 978 periculis
1118 937 1393 979 promulgaturum
1425 942 1457 969 et
1484 939 1674 969 inflictarum
1703 939 1855 970 adversus

202 988 395 1019 adherentes
420 992 451 1018 et
474 988 619 1018 faventes
644 988 749 1019 cidem
773 988 924 1027 involvas,
951 989 1007 1019 sed
1032 989 1075 1019 sio
1100 989 1129 1018 in
1154 992 1206 1019 tue
1231 989 1371 1029 puritate
1396 989 1575 1020 devotionis
1599 1000 1676 1030 erga
1692 989 1797 1021 Deum
1823 995 1855 1022 et

158 1046 181 1064 1⁵
202 1040 369 1070 ecclesiam
394 1039 566 1080 persistere
590 1049 651 1069 non
670 1040 809 1078 omittas,
834 1039 918 1080 quod
943 1050 1000 1070 nos
1024 1043 1056 1070 et
1079 1040 1289 1080 apostolicam
1314 1040 1434 1079 sedem7
1460 1040 1500 1071 ad
1525 1051 1604 1082 quos
1627 1041 1744 1072 fiducia
1766 1042 1854 1073 filiali

200 1091 398 1122 confidenter
421 1094 514 1131 potes
530 1100 706 1131 recurrere,
730 1092 871 1131 reperire
888 1092 1041 1122 merearis
1058 1101 1186 1132 semper
1209 1091 1337 1122 uberius
1362 1092 1392 1122 in
1417 1093 1478 1122 tuis
1495 1093 1763 1132 oportunitatibus
1780 1104 1854 1134 pro-

200 1143 300 1183 picios
324 1146 356 1172 et
380 1142 545 1182 benignos.

306 1193 379 1224 Dat.
406 1192 604 1232 Avinion(e]⁷
628 1193 688 1223 III.
706 1193 778 1224 Kal.
803 1193 925 1233 Marcii,
950 1204 1032 1224 anno
1058 1193 1310 1234 quartodecimo.

433 1323 517 1358 694.
560 1323 712 1358 Litterae
739 1323 786 1357 (ccl
815 1322 966 1356 Gitonem
994 1323 1114 1356 «lacem
1141 1323 1317 1357 Austre'ae.
1436 1323 1538 1358 Febr.
1559 1325 1621 1358 227.

156 1406 182 1426 20
313 1396 410 1438 Copia
435 1397 488 1438 (c.)
513 1397 623 1428 ibidem
648 1396 831 1428 {om-1151]
851 1396 911 1438 fol.
930 1398 991 1428 164
1016 1397 1175 1428 ›21:15332.
1241 1396 1438 1427 Contulimus
1461 1408 1526 1429 nos.
1567 1416 1605 1421 —
1645 1398 1706 1429 Ed.
1732 1398 1855 1430 Riezler

202 1447 220 1478 l.
239 1458 263 1478 c.
282 1458 317 1487 p.
334 1448 396 1478 449
419 1458 467 1480 nr.
486 1449 570 1479 1277
592 1459 630 1479 ec
653 1460 679 1482 c.
703 1449 942 1489 (decurtatum).

308 1533 419 1564 Ottoni
443 1534 513 1564 duci
538 1534 677 1565 Austrie.

307 1585 491 1616 Nobilitatis
515 1589 568 1616 tue
586 1585 698 1616 litteris
710 1587 730 1625 1,
747 1596 804 1626 per
828 1596 906 1626 quas
923 1585 1127 1615 devotionem
1144 1585 1311 1623 sinceram,
1337 1595 1433 1625 quam
1456 1585 1497 1615 ad
1514 1585 1693 1616 Romanam
1718 1590 1854 1617 matrem

199 1640 287 1666 tuam
311 1637 395 1677 geris
419 1640 451 1668 et
473 1647 586 1678 gerere
611 1640 794 1668 constanter
818 1637 955 1667 intendis
977 1636 1157 1676 ecclesiam⁷
1183 1631 1419 1667 delectabiliter
1435 1636 1633 1667 recensendo
1652 1640 1682 1667 te
1699 1637 1740 1667 ad
1756 1638 1854 1678 ipsius

155 1695 180 1715 2⁵
200 1688 355 1729 obsequia
379 1692 411 1719 et
434 1688 638 1729 beneplacita
663 1692 815 1729 tanquam
838 1688 921 1718 filius
945 1687 1133 1718 benedictus
1157 1690 1190 1718 et
1213 1688 1315 1728 gratie
1345 1687 1501 1725 obtulisti,
1532 1687 1625 1718 solita
1656 1687 1854 1729 benignitate

199 1740 337 1780 receptis
372 1743 404 1770 et
435 1750 496 1780 que
527 1740 771 1771 continebantur
798 1740 827 1769 in
856 1740 902 1770 eis
935 1739 1059 1779 plenius
1092 1739 1262 1769 intellectis
1294 1742 1381 1768 tuam
1409 1738 1483 1768 inde
1513 1738 1752 1779 providenciam
1782 1750 1852 1770 cum

203 1791 377 1831 gratiarum
416 1791 594 1821 actionibus
629 1790 782 1821 uberibus
819 1789 1038 1830 multipliciter
1071 1790 1102 1819 in
1137 1789 1275 1819 Domino
1309 1789 1580 1820 commendamus.
1642 1789 1853 1821 Nobilitatem

206 1844 357 1882 rogantes
381 1842 537 1872 attencius
561 1845 594 1872 et
616 1842 780 1872 hortantes
805 1841 955 1879 eandem,
987 1842 1133 1881 quatinus
1160 1841 1191 1870 in
1216 1839 1386 1871 devotione
1410 1840 1591 1870 huiusmodi
1617 1843 1799 1872 constanter
1823 1845 1855 1872 et

208 1891 393 1923 nmobiliter
408 1893 579 1933 persistere
604 1903 666 1924 non
688 1893 860 1931 ommittas,
886 1893 1044 1922 attencius
1061 1891 1284 1922 nichilominus
1309 1892 1501 1931 provisurus,
1527 1901 1566 1922 ne
1590 1892 1636 1922 illi
1661 1896 1692 1923 et
1716 1892 1793 1924 cet.2
1816 1896 1854 1923 ut

155 1951 180 1969 ³0
205 1954 318 1984 supra
342 1953 462 1984 usque
486 1943 542 1974 sed
566 1944 632 1974 sica
654 1944 686 1973 in
709 1943 890 1974 huiusmodi
915 1946 968 1973 tue
993 1942 1132 1983 puritate
1150 1942 1329 1973 devotionis
1346 1942 1507 1983 persistam,
1532 1943 1616 1983 quod
1641 1954 1698 1974 nos
1722 1947 1753 1974 et
1778 1944 1855 1974 cet.3

203 1998 384 2035 utsupra
408 2005 529 2035 usque
554 1995 589 2025 in
610 1995 737 2025 finem.

317 2201 391 2236 695.
425 2201 791 2238 IMPERATORIS
817 2200 1108 2237 CONCESSIO
1133 2200 1162 2236 F
1165 2200 1291 2237 EUDI
1315 2201 1418 2238 PRO
1449 2200 1733 2238 COMITIBUS

832 2257 902 2292 DE
932 2256 1212 2292 OTTINGEN.

853 2325 958 2360 1330.
1003 2324 1109 2360 Febr.
1132 2325 1191 2360 21.

156 2430 180 2449 35
312 2421 471 2462 Oriyinale
496 2423 527 2453 iu
551 2423 706 2454 tabulario
727 2423 866 2463 qenerali
888 2425 975 2464 regni
997 2424 1163 2455 Bawariet'
1185 2423 1275 2455 KLS
1290 2434 1338 2455 ur.
1357 2424 1475 2465 393112.
1529 2423 1766 2464 Descripslmus
1790 2433 1853 2454 nos.

202 2473 322 2504 Pendet
344 2473 439 2513 siye‘lli
461 2474 672 2513 fragmentum
694 2475 759 2513 filis
781 2475 890 2506 sericis
913 2475 1026 2506 viridis
1048 2475 1166 2506 coloris.

312 2533 456 2570 Biilzmer,
481 2533 556 2572 Rey.
572 2533 683 2566 Ludw.
702 2545 736 2573 p.
751 2536 792 2565 67
814 2545 862 2565 ur.
882 2535 975 2566 1032.

304 2642 369 2669 694.
398 2644 421 2675 ³)
440 2649 465 2669 te
484 2645 545 2670 add.
559 2654 579 2670 c.

305 2712 330 2744 1)
351 2711 443 2744 Supra
461 2720 501 2736 'mn
515 2715 570 2738 687.
657 2712 683 2745 2>
703 2712 792 2745 Sapra
812 2713 858 2738 lin.
873 2717 907 2739 11.
996 2714 1022 2745 3)
1043 2713 1089 2740 liu.
1105 2717 1139 2740 15.

306 2779 344 2797 LL.
355 2779 578 2797 CONSTITUTIONES
592 2779 627 2797 VI.
1615 2770 1641 2795 15
