2205 3025
410 113 471 140 410
647 107 741 133 ACTA
762 106 874 133 REGNI
894 105 1075 132 LUDEWICI
1097 105 1141 131 lV.
1162 106 1204 132 ET
1224 106 1408 132 FRIDERICI
1430 106 1477 132 III.
1513 105 1588 132 1328.
1625 104 1673 131 Nr.
1686 105 1744 131 498.
1763 105 1821 132 499.

408 195 569 225 desierunt
593 204 649 224 nec
675 193 823 223 desinunt
847 191 1004 222 laborare.
1052 190 1134 222 Sane
1163 203 1219 222 nos
1247 191 1456 222 actendentes
1480 194 1584 222 vestre
1609 191 1789 222 devotionis
1813 195 1845 222 et
1867 192 1942 223 fidei
1966 193 2054 233 puri-

410 249 521 284 tatem,
551 255 644 285 quam
669 243 735 285 [vos
760 242 824 284 ct]²²
847 246 1066 273 antecessores
1090 243 1187 273 vestri
1213 242 1253 273 ad
1285 253 1341 273 nos
1373 246 1404 273 et
1432 253 1557 273 sacrum
1580 242 1761 273 Romanum
1785 243 1953 283 imperium
1978 253 2053 274 con-

409 298 494 327 tinue
519 295 683 333 habuistis,
707 295 820 324 intuitu
846 294 1072 334 premissorum
1097 293 1187 324 vobis
1211 294 1369 334 imperiali
1393 294 1565 324 autoritate
1590 293 1811 324 concedimusb
1829 296 1925 335 atque
1942 294 2055 325 damus

408 348 437 377 in
462 347 610 377 fendnnv'
628 346 790 375 civitatem
812 343 1036 375 Lewensteind
1061 347 1092 374 et
1116 347 1253 375 castrum
1278 348 1309 375 et
1333 345 1494 375 civitatem
1511 344 1657 375 Murhart
1680 348 1712 375 et
1736 347 1873 376 castrum
1891 344 2054 376 Grlaehene

407 401 440 428 ct
463 398 624 429 civitatem
642 396 885 436 IIeiligcnbrnc‚
911 399 1005 436 prout
1029 399 1249 426 antecessores
1268 397 1365 426 vestri
1389 399 1421 427 et
1444 406 1499 426 vos
1523 399 1654 426 actenus
1677 395 1717 426 ab
1741 396 1876 436 imperio
1901 397 2056 436 tenuistis,

406 449 493 479 cnm¹⁴
509 448 634 478 decima
659 447 791 487 siliginis
813 451 845 477 et
861 447 1012 487 plaustris
1028 447 1092 477 vini
1109 450 1141 477 et
1159 447 1304 478 omnibus
1321 447 1391 477 aliis
1408 446 1538 486 iuribus⁷
1562 446 1830 477 iurisdictionibus
1855 450 1888 477 et
1910 447 2055 482 servitiisq

406 511 467 541 quc
497 510 552 530 vos
580 502 865 539 antecessoresque
895 499 993 528 vestri
1024 499 1233 529 consuevistis
1260 499 1292 528 in
1320 498 1411 529 dictis
1440 499 1517 529 locis
1545 498 1710 539 percipere
1740 501 1772 529 et
1800 497 1936 536 habere,
1967 497 2056 529 vobis

406 551 582 591 vestrisque
607 549 780 580 heredibus
805 549 949 590 predicta
974 560 1014 579 ex
1039 554 1125 580 certa
1149 550 1282 580 scientia
1306 549 1529 588 concedentes,
1553 559 1673 589 vosque
1698 559 1754 589 pro
1775 548 1865 579 vobis
1890 552 1921 580 et
1943 549 2056 580 vestris

406 601 579 632 heredibus
604 601 761 641 imperiali
787 601 957 631 autoritate
982 601 1232 641 solempnniterg
1248 601 1444 637 investimus,
1469 603 1598 641 recepto
1618 603 1650 630 et
1667 600 1799 640 prestito
1824 610 1843 630 a
1867 603 1897 631 te
1914 600 2055 631 Rodulfo

406 664 462 694 pro
488 657 518 683 te
543 657 574 684 et
599 654 725 683 nomine
751 653 867 693 prefati
891 652 1018 682 Nicolai
1041 652 1148 683 fratris
1173 653 1217 683 tui
1241 652 1405 682 fidelitatis
1433 651 1541 682 debite
1565 652 1758 688 iuramento,
1788 662 1845 692 pro
1871 661 1932 692 quo
1957 651 2055 682 fratre

406 708 459 735 tuo
484 705 670 745 promisisti.
701 703 785 744 quod
813 703 904 734 nobis
928 703 1140 734 iuramentum
1165 703 1329 734 fidelitatis
1353 706 1523 744 prestaret,
1554 713 1649 743 quam
1673 703 1759 743 prius
1782 706 1925 733 nostram
1947 705 2057 742 posset

406 755 518 786 adhire
552 756 757 795 presentiam.
869 754 905 784 In
938 755 1025 785 cuins
1061 755 1106 784 rei
1138 754 1355 785 testimonium
1384 758 1550 794 presentes
1579 753 1673 784 scribi
1708 754 1854 784 iussimus
1882 756 1914 784 et
1949 757 2055 784 nostre

407 806 583 837 maiestatis
607 806 723 847 sigillih
749 806 922 836 munimine
947 806 1099 836 roborari.

514 857 586 888 Dat.
606 858 702 895 Luce,
727 868 809 888 anno
827 857 956 887 Domini
980 856 1149 887 millesimo
1167 856 1393 887 trecentesimo
1411 856 1562 886 vicesimo
1581 858 1704 895 octavo,
1728 855 1836 887 indict.
1854 855 2055 894 duodecima⁷

407 907 458 938 die
483 909 618 949 septimo
644 908 788 947 Octubr„
814 908 903 948 regni
928 908 1025 937 nostri
1049 918 1131 938 anno
1156 901 1266 945 XHH,
1290 908 1415 948 imperii
1440 917 1514 938 vero
1538 907 1650 948 primo.

506 1125 578 1159 499.
614 1123 878 1159 LITTERAE
907 1123 1077 1159 REGIS
1101 1123 1408 1159 ARAGONUM
1438 1122 1710 1159 PONTIFICI
1737 1123 1950 1159 MISSAE.

1092 1191 1197 1226 1328.
1240 1191 1318 1226 Oct.
1340 1191 1372 1226 8.

518 1281 615 1320 Copia
632 1282 686 1320 (c.)
710 1281 873 1311 chartacea
898 1281 932 1311 rin
956 1281 1112 1312 tabulario
1136 1283 1218 1321 reyio
1235 1282 1471 1314 Barcinoueuszss
1497 1282 1590 1314 CRD
1611 1282 1741 1320 Alfonsi
1763 1292 1812 1313 mu
1829 1282 1901 1312 562.
1926 1299 1967 1304 ——
1990 1280 2053 1313 Ed.

409 1332 511 1363 Fiultc
535 1332 626 1362 ‘Acta
650 1332 879 1371 Arayouensiaf
904 1332 931 1369 J,
956 1333 1018 1361 440
1041 1343 1089 1362 m:
1107 1333 1169 1362 295
1194 1344 1231 1363 az·
1256 1344 1281 1364 c.
1328 1333 1508 1365 Editionem
1533 1333 1609 1372 (ed.)
1633 1334 1809 1373 repetimus.

517 1417 722 1448 Sanctissimo
749 1420 782 1447 ct
805 1417 990 1447 beatissimo
1015 1418 1046 1447 in
1071 1417 1196 1448 Christo
1222 1419 1303 1458 patri
1326 1429 1363 1449 ac
1388 1418 1516 1449 domino
1542 1419 1669 1449 domino
1694 1418 1829 1449 Iohanni
1854 1419 1959 1449 divina
1983 1428 2056 1459 pro-

408 1469 553 1500 videncia
571 1472 773 1499 sacrosancte
791 1468 936 1498 Romane
954 1472 985 1499 et
1002 1469 1189 1499 universalis
1207 1469 1341 1500 ecclesie
1359 1480 1450 1500 sumo
1467 1470 1608 1510 pontifici
1695 1469 1847 1500 Alfonsus
1864 1469 1926 1500 Dei
1949 1470 2057 1509 gracia

409 1531 465 1551 rex
491 1521 676 1561 Aragonnni
696 1544 701 1549 .
721 1545 726 1549 .
746 1543 752 1549 .
842 1519 959 1550 devota
983 1519 1101 1560 pedum
1126 1520 1235 1550 oscula
1258 1521 1436 1553 beatorum.

516 1572 707 1601 Beatissimo
741 1574 830 1610 pater
859 1574 891 1600 et
915 1570 1057 1607 domine,
1088 1572 1161 1601 visis
1191 1575 1223 1601 ct
1251 1582 1321 1602 cum
1351 1572 1525 1603 devocione
1555 1583 1591 1603 ac
1620 1572 1734 1602 mentis
1762 1571 1859 1602 iubilo
1888 1571 2058 1602 intellectis

410 1623 522 1653 litteris
547 1634 603 1662 pcr
627 1622 829 1652 sanctitatem
854 1622 1065 1661 apostolicam
1091 1622 1180 1652 nobis
1203 1623 1317 1653 nudius
1341 1623 1506 1654 destinatis
1530 1634 1625 1664 super
1643 1623 1829 1663 expulsione
1846 1622 2000 1653 Lodoviei
2017 1623 2057 1653 de

409 1674 547 1704 Bavaria
572 1677 603 1703 et
618 1673 709 1703 Petri
735 1673 773 1703 dc
792 1672 944 1703 Cervaria
969 1673 1174 1715 expulsorum
1200 1673 1240 1704 ab
1258 1674 1346 1704 Urbe
1371 1678 1403 1705 et
1426 1685 1522 1715 super
1539 1675 1682 1715 ingressu
1699 1674 1867 1705 reverendi
1883 1675 1914 1704 in
1931 1674 2056 1705 Christo

409 1726 507 1765 patris
542 1724 659 1754 domini
690 1724 841 1754 Iohannis
874 1723 980 1754 Sancti
1016 1723 1179 1755 Theodori
1210 1725 1337 1755 diaconi
1367 1726 1536 1756 cardinalis
1566 1726 1663 1766 legati
1693 1725 1778 1756 sedis
1808 1725 1983 1766 apostolice
2016 1725 2057 1755 ad

410 1776 530 1806 Urbem
555 1775 690 1806 eandem
715 1786 751 1805 ac
776 1775 846 1805 aliis
875 1776 1032 1805 contentis
1061 1776 1090 1805 in
1120 1776 1233 1806 litteris
1261 1777 1444 1817 apostolicis
1472 1777 1660 1808 antedictisl
1687 1776 1927 1818 [magnifficavit
1951 1777 2057 1806 anima

408 1830 516 1857 nostra
533 1827 705 1857 Dominum
715 1826 737 1861 2,
757 1826 841 1866 quod
859 1826 1028 1866 magnifice
1053 1830 1085 1856 et
1108 1827 1255 1858 munifice
1274 1832 1417 1858 sanctam
1435 1828 1626 1859 catholicam
1644 1832 1675 1859 et
1692 1828 1871 1858 Romanam
1888 1827 2057 1857 ecclesiam

409 1881 441 1909 et
464 1889 519 1909 vos
544 1878 597 1918 qui
621 1879 689 1908 cius
714 1879 789 1907 estis
818 1877 922 1918 capud
952 1881 983 1908 et
1011 1879 1118 1918 presul
1148 1889 1205 1919 per
1234 1890 1323 1910 snam
1352 1879 1603 1910 misericordiam
1632 1879 1786 1910 exaltavit
1814 1878 2056 1918 humiliavitque

409 1929 579 1969 predictos,
612 1929 664 1970 qui
689 1939 746 1959 sna
770 1928 917 1968 superbia
943 1929 1001 1958 nisi
1026 1929 1153 1959 fuerunt
1177 1929 1362 1972 ex[urgere]
1385 1934 1495 1961 contra
1520 1931 1689 1962 ecclesiam
1713 1934 1855 1960 sanctam
1879 1929 1951 1960 Dei.
1990 1928 2057 1959 Nos

409 1982 515 2019 etiam,
541 1983 633 2020 pater
656 1980 863 2013 sanctissime,
889 1980 932 2010 sic
958 1984 1145 2011 eventurum
1170 1981 1280 2021 procul
1305 1982 1401 2012 dubio
1426 1983 1644 2022 sperabamus.
1688 1981 1719 2011 Is
1744 1982 1838 2019 enim,
1866 1979 1944 2022 [qui]
1969 1979 2058 2010 Petri

409 2031 587 2062 naviculam
605 2032 730 2061 instruit
754 2035 786 2061 et
810 2034 986 2066 conservat,
1012 2031 1140 2062 differre
1159 2032 1257 2062 lacius
1281 2044 1342 2063 non
1361 2033 1511 2070 debebat„
1537 2033 1622 2074 quod
1647 2034 1677 2063 in
1695 2058 1701 2063 .
1720 2057 1726 2063 .
1745 2038 1773 2062 ,ἢ
1797 2032 1965 2062 reduceret
1983 2056 1988 2061 .
2007 2054 2014 2061 .
2033 2036 2059 2061 ,ἢ

410 2083 584 2122 procellam
599 2083 650 2121 (ff),
675 2082 777 2112 immo
796 2086 826 2112 et
844 2082 962 2112 firmins
986 2083 1016 2111 in
1035 2082 1087 2112 illo
1105 2083 1219 2113 eodeni
1237 2084 1434 2123 confidimus,
1459 2085 1512 2125 qni
1536 2084 1745 2125 superborum
1764 2083 1928 2114 conculcat
1945 2083 2056 2123 colla&

409 2137 443 2163 nt
471 2133 686 2174 predictorum
712 2132 865 2163 Lodovici
897 2137 928 2163 ct
956 2133 1058 2167 Petri,
1091 2135 1144 2174 qui
1175 2134 1270 2165 urbes
1300 2136 1416 2166 multas
1444 2136 1652 2166 turbaverant
1680 2139 1711 2166 et
1734 2134 1831 2165 Urbis
1859 2134 2057 2166 habitatores

409 2188 649 2223 concnsscrant,
685 2185 729 2213 sic
764 2183 944 2224 superbiam
975 2186 1165 2225 comprimet
1196 2190 1228 2216 et
1259 2187 1408 2225 calcabit,
1441 2187 1524 2228 qnod
1555 2188 1656 2218 eciam
1687 2186 1732 2216 illi
1763 2187 1816 2226 qui
1845 2186 1890 2216 eis
1918 2185 2055 2216 adhese-

410 2240 479 2266 rant
504 2261 508 2265 .
528 2261 533 2266 .
553 2260 558 2265 .
578 2236 600 2265 ,¹¹
625 2246 679 2265 eos
704 2238 735 2265 ct
760 2235 846 2265 stulti
871 2235 901 2264 in
926 2236 990 2265 suis
1014 2237 1192 2266 novissimis
1217 2238 1417 2278 apparebunt
1443 2262 1473 2268 ..
1493 2263 1498 2268 .

516 2287 589 2316 Dat.
612 2285 823 2319 Barchinonc,
849 2290 961 2316 octavo
986 2286 1059 2317 Idus
1085 2288 1242 2325 Octobris5
1268 2299 1350 2320 anno
1374 2289 1503 2320 Domini
1528 2289 1696 2320 millesimo
1721 2288 1946 2318 trecentesimo
1970 2288 2055 2319 vice-

410 2339 488 2368 simo
515 2342 635 2368 octavo.

511 2498 576 2524 498.
604 2504 626 2529 ³¹)
647 2500 737 2524 excidit
757 2508 794 2523 or.
872 2498 895 2530 1’)
916 2499 1006 2523 abhinc
1025 2500 1080 2523 stilo
1102 2501 1183 2524 minu-»¹
1203 2505 1276 2524 acuto
1296 2505 1437 2525 atramento
1452 2502 1593 2532 pallidiori
1611 2502 1731 2533 scriptum
1751 2510 1788 2526 or.
1867 2501 1888 2531 (ᾗ)
1909 2504 1997 2532 sequ]
2017 2509 2054 2525 07·-

2076 664 2099 683 10

2075 919 2099 938 15

2076 1431 2101 1450 2⁰

2076 1686 2101 1705 25

2076 1942 2101 1960 30

2075 2195 2099 2212 35

410 2542 434 2573 d)
453 2543 543 2566 aalma
562 2552 575 2566 e
594 2551 675 2574 supra
688 2543 782 2566 lineam
795 2542 851 2565 stilo
871 2543 1014 2566 acutissimo
1024 2547 1083 2573 post
1096 2543 1157 2566 add.
1173 2552 1209 2567 or.
1281 2548 1301 2574 e)
1321 2543 1431 2575 giaeheu
1450 2554 1487 2569 υν.
1558 2544 1576 2575 s)
1596 2545 1627 2570 ὦ
1647 2553 1713 2568 corr.
1726 2552 1756 2568 ea:
1773 2548 1798 2569 et
1811 2552 1848 2568 or.
1920 2544 1943 2573 g)
1963 2544 1997 2567 sic
2016 2552 2053 2567 or.
2072 2550 2098 2568 40

410 2584 434 2612 ᾗ)
455 2585 538 2617 sigillo
558 2594 594 2609 or.

513 2635 577 2661 499.
605 2640 627 2664 ³)
648 2636 748 2660 verbam
767 2636 833 2660 deest
851 2636 889 2659 erl,
978 2634 1001 2663 b)
1021 2636 1071 2659 triu
1091 2637 1165 2660 rerba
1186 2636 1275 2662 desunt
1294 2638 1331 2662 ed.

516 2704 538 2729 1]
566 2704 605 2735 Cf.
626 2704 725 2728 litteras·
745 2703 839 2728 maile>-
859 2711 939 2734 supru
960 2711 1001 2728 φιν.
1017 2706 1066 2729 437
1082 2706 1104 2727 ct
1124 2708 1178 2729 41⁴5.
1266 2704 1292 2731 2)
1314 2706 1377 2731 Luc.
1395 2711 1413 2733 1,
1428 2711 1468 2732 46,
1556 2707 1581 2738 3)
1604 2706 1644 2737 Cf.
1665 2705 1744 2730 Dent.
1758 2706 1796 2733 33,
1811 2707 1850 2729 29.
