2205 3025
384 117 480 143 ACTA
500 117 612 143 REGNI
632 116 813 143 LUDEWICI
832 117 877 143 IV.
898 117 941 143 ET
962 117 1146 144 FRIDERICI
1166 118 1212 144 III.
1251 118 1325 144 1327.
1362 118 1410 145 Nr.
1423 119 1481 145 358.
1501 119 1558 146 359.
1577 119 1635 147 360.
1781 122 1842 153 263

195 202 383 234 ewichliche
401 203 541 234 besitzen
565 203 630 233 und
648 203 752 233 haben
777 203 866 234 sulen
890 214 925 234 ze
950 203 1054 234 lehen.
1144 203 1291 234 Darnber
1314 215 1351 234 zu
1375 205 1519 236 urchund
1543 205 1647 246 geben
1672 206 1728 236 wir
1751 205 1840 237 disen

194 254 280 285 brief
299 254 451 295 versigelt
475 254 532 284 mit
555 264 683 284 unsel-m
707 254 961 285 chunichlichem
986 255 1109 295 insigel.

302 306 368 335 Der
391 304 496 345 geben
521 305 560 334 ist
584 315 621 334 zu
645 304 751 341 Peise,
776 315 815 335 an
840 305 914 336 (lem
938 305 1120 347 Donerstag
1148 305 1229 336 nach
1254 306 1400 347 Symonis
1430 311 1462 338 et
1487 307 1582 347 Iude,
1614 308 1653 338 (10
1683 319 1755 339 man
1779 308 1842 340 zalt

195 367 257 386 von
289 355 430 386 Christes
460 355 576 395 geburt
604 355 938 387 dreutzehenhundert
963 357 1032 395 jare
1062 357 1120 387 dar
1148 357 1228 388 nach
1258 359 1287 388 in
1317 357 1390 388 (16111
1415 358 1840 400 sibenundzwwintzigistem

168 417 178 434 ⁵
193 408 273 447 jare.
298 408 328 437 in
353 407 426 437 dem
451 406 700 437 dreitzehendcn
720 407 792 446 jare
816 417 926 438 uns-ers
950 408 1063 438 riches.

449 605 533 641 359.
575 605 773 647 Inf'eudatio
802 605 970 639 Iohannis
998 606 1126 640 <muisis
1154 607 1194 641 de
1222 607 1326 651 Sagw.
1433 608 1504 643 Ocz‘.
1525 610 1581 643 18.

302 679 460 719 Origsiozale
482 680 515 710 in
534 678 691 710 tabulario
708 679 790 719 reyio
816 679 1021 711 ll'e'sbmlensi.
1057 679 1235 718 Descripsit
1251 680 1289 710 Ε,
1307 681 1437 712 Solutus.
1475 681 1617 720 Sislillecm
1634 682 1839 719 desideratur,

190 732 255 771 filis·
277 732 386 763 sericis
408 731 520 761 viridis
542 730 652 761 coloris
675 730 799 761 relictis.

300 792 445 827 Riilmler,
470 790 545 829 Rey.
568 790 680 822 Luder.
698 801 732 829 p.
751 792 792 820 :37
813 801 863 822 nr.
881 791 960 827 9463
983 790 1132 829 Reyesten
1155 791 1210 821 der
1233 790 1440 832 Pficlsyrafhn
1464 802 1512 822 ur.
1530 792 1623 822 2031.

153 893 176 911 io
301 877 493 908 Ludowicus
521 876 581 907 Dei
609 876 718 916 gracia
749 875 966 906 Romanorum
998 886 1055 906 rex
1089 886 1218 916 semper
1246 880 1398 917 augustus
1487 877 1583 907 nobili
1616 878 1682 909 viro
1706 878 1841 909 Iohanni

191 929 299 960 comiti
324 928 363 959 de
389 928 474 968 Seyn
499 927 584 958 fideli
609 939 664 958 suo
690 927 807 958 dilecto
897 927 1033 968 gratiam
1057 937 1147 957 suam
1172 930 1204 958 et
1228 938 1321 958 omne
1346 928 1473 959 1101111111.

299 979 403 1010 Valde
438 979 547 1020 regale
579 989 648 1009 esse
681 978 874 1014 iudicamus,
907 978 991 1019 quod
1022 988 1152 1019 semper
1183 978 1420 1010 benivolencius
1450 990 1671 1020 procuremus,
1702 984 1736 1011 ut
1766 981 1840 1011 viris

190 1030 350 1062 nobilibus
375 1034 406 1061 et
431 1031 580 1071 egregiis,
605 1031 657 1071 qui
683 1029 723 1060 ad
748 1029 902 1060 honorem
927 1030 1008 1060 sacri
1033 1029 1171 1061 Romani
1197 1030 1322 1070 imperii
1347 1035 1378 1061 et
1402 1035 1557 1069 nostrum,
1583 1032 1670 1061 cuius
1695 1032 1841 1072 princeps

189 1094 311 1122 sumus,
342 1081 509 1114 serviendo
539 1093 690 1123 personas
718 1092 791 1112 suas
820 1085 852 1112 et
885 1092 935 1112 res
964 1082 1123 1122 intrepide
1153 1082 1271 1112 audent
1300 1092 1464 1123 exponere
1489 1085 1521 1112 et
1549 1086 1684 1113 mortem
1709 1083 1840 1114 cottidie

150 1149 172 1167 15
191 1134 296 1165 subire
321 1134 450 1165 minime
475 1137 633 1171 verentur,
658 1133 742 1164 dona
767 1137 799 1164 et
822 1133 979 1165 beneficia
1003 1134 1125 1175 regalia
1150 1137 1182 1164 et
1206 1134 1390 1164 meritorum
1416 1144 1543 1164 suorum
1569 1134 1688 1164 fructus
1705 1135 1840 1175 graciosi

190 1185 461 1226 correspondeant
485 1188 517 1215 ct
541 1185 672 1216 effluant
695 1195 713 1215 a
736 1189 844 1215 nostra
861 1186 1083 1216 munificencia
1106 1185 1200 1216 solita
1225 1189 1257 1215 et
1280 1185 1427 1226 benigna.
1474 1185 1545 1215 Tibi
1565 1185 1661 1225 igitur
1677 1188 1841 1226 tamquam

190 1237 390 1268 benemerito
415 1237 542 1267 racione
572 1236 798 1277 obsequiorum
827 1239 953 1267 tuorum
983 1237 1072 1267 nobis
1097 1237 1127 1266 in
1156 1236 1300 1277 partibus
1324 1236 1519 1267 Lambardie
1549 1236 1686 1267 fideliter
1716 1236 1840 1267 exhibi-

190 1292 294 1320 torum
319 1298 355 1319 ac
372 1289 475 1319 eciam
492 1287 747 1319 exhibendorum
765 1288 795 1317 in
813 1287 952 1318 futurum
970 1288 1078 1318 omnia
1094 1287 1200 1325 feoda,
1225 1299 1287 1329 que
1305 1288 1419 1318 nobilis
1436 1289 1482 1319 vir
1498 1288 1663 1319 Gotfridus
1680 1288 1840 1329 quondam

189 1351 297 1371 comes
322 1340 362 1370 de
387 1339 471 1380 Seyn
502 1340 602 1370 frater
629 1342 700 1369 tuus
724 1350 743 1370 a
767 1339 857 1369 nobis
889 1339 1016 1370 racione
1048 1340 1216 1370 comitatus
1247 1340 1380 1380 palatini
1404 1340 1487 1370 chi
1512 1340 1541 1370 in
1570 1339 1699 1370 feodum
1730 1339 1842 1370 habuit

152 1404 177 1423 20
197 1395 229 1422 et
253 1392 436 1432 specialiter
460 1394 596 1432 quatuor
616 1391 785 1422 comitatus
806 1390 922 1429 81111112,
941 1390 1165 1431 Virembfirch,
1190 1391 1324 1422 Bilstein
1349 1394 1381 1422 et
1402 1391 1570 1422 Eberstein
1593 1402 1663 1422 cum
1688 1392 1841 1421 universis

192 1444 255 1474 suis
278 1442 410 1482 iuribus,
435 1441 608 1472 honoribus
633 1446 665 1472 et
688 1443 892 1483 pertinenciis
917 1442 1170 1484 quibuscumque
1196 1447 1228 1474 et
1251 1443 1337 1473 omni
1364 1443 1474 1481 modo,
1498 1447 1532 1473 ut
1556 1453 1594 1473 ea
1618 1443 1719 1473 dictus
1744 1442 1841 1473 frater

191 1498 262 1525 tuus
292 1495 395 1524 tenuit
427 1496 458 1524 et
488 1493 644 1533 possedit,
680 1494 709 1524 in
742 1494 857 1524 iustum
891 1494 1021 1525 feodum
1055 1494 1259 1525 concedimus
1294 1498 1326 1525 et
1354 1494 1547 1525 conferimus
1578 1505 1636 1534 per
1664 1497 1838 1535 presentes.

188 1546 402 1576 Investientes
435 1548 465 1575 te
497 1544 536 1575 de
565 1544 716 1585 predictis
746 1549 882 1586 quatuor
911 1545 1113 1576 comitatibus
1142 1550 1174 1576 et
1204 1546 1274 1576 aliis
1306 1546 1421 1582 feodis,
1453 1556 1514 1587 que
1549 1546 1640 1576 nobis
1668 1557 1709 1576 cx
1737 1550 1839 1576 morte

190 1597 288 1638 ipsius
314 1596 430 1634 fratris,
455 1596 505 1626 cui
529 1595 569 1626 de
595 1600 686 1636 parte
715 1597 838 1637 palacie
864 1596 944 1627 Reni
975 1607 1089 1627 vacare
1118 1602 1287 1638 ceperunt,
1317 1598 1508 1628 auctoritate
1538 1601 1657 1631 nostra,
1690 1597 1840 1627 adhibitis

149 1660 172 1679 25
194 1649 294 1679 eciam
319 1648 389 1678 aliis
413 1647 704 1688 sollempnitatibus
728 1647 845 1678 debitis
870 1651 902 1678 et
926 1649 1094 1679 consuetis.
1185 1649 1221 1679 In
1247 1650 1335 1679 cuius
1360 1649 1404 1679 rei
1429 1649 1645 1679 testimonium
1675 1652 1840 1689 presentes

189 1698 343 1731 conscribi
369 1702 400 1729 et
424 1699 601 1729 maiestatis
624 1703 732 1729 nostre
757 1699 861 1739 sigillo
886 1700 1034 1730 iussimus
1058 1700 1256 1731 communiri.

295 1750 369 1781 Dat.
386 1749 477 1789 Pisis,
495 1749 620 1780 XVIII.
638 1750 689 1780 die
707 1751 826 1781 mensis
844 1750 986 1783 Octobr..
1005 1762 1086 1781 anno
1104 1751 1233 1782 Domini
1256 1751 1426 1782 millesimo
1444 1752 1670 1781 trecentesimo
1688 1751 1838 1781 vicesimo

190 1803 338 1843 septimo.
364 1801 453 1841 regni
478 1811 553 1831 vero
578 1802 675 1831 nostri
700 1812 781 1832 anno
806 1802 1044 1833 terciodecimo.

381 1941 465 1975 360.
508 1940 709 1983 Infeudatfo
737 1941 905 1976 Iohannis
933 1942 1064 1976 comitis
1091 1943 1132 1976 dc
1160 1941 1384 1977 Claromonte.
1492 1943 1561 1976 (m.
1582 1942 1644 1975 533.

148 2026 173 2045 ³0
302 2014 462 2054 Oriymale
493 2016 562 2053 (or.)
597 2025 660 2046 mm
690 2016 861 2056 confertum
892 2019 927 2046 ut
959 2017 1083 2047 videtur
1111 2015 1229 2047 Romae
1260 2017 1292 2046 in
1321 2016 1447 2046 (trehit-0
1474 2016 1656 2054 priwipum
1692 2014 1837 2045 Colonum.

190 2066 367 2105 St'ye'llatnm
398 2076 460 2097 non
488 2069 565 2097 erat.
601 2085 642 2088 —
677 2067 739 2100 Ed.
763 2067 800 2098 P.
819 2067 909 2097 Kehr
931 2068 1104 2098 ‘Ito'mischc
1130 2067 1392 2107 Quartalscltrift'
1419 2067 1489 2098 XV
1509 2068 1623 2106 (1901)
1641 2077 1672 2105 21.
1694 2067 1753 2096 150
1775 2077 1838 2105 sqq.

190 2117 371 2148 Editionem
394 2118 578 2156 repetimus:
600 2118 638 2155 cf.
663 2121 768 2149 notave.
791 2117 811 2149 Z.
829 2129 854 2148 c.
878 2119 1032 2149 adiectam
1055 2122 1083 2149 et
1106 2119 1197 2160 'infra
1220 2119 1264 2149 ad
1285 2130 1315 2149 a.
1334 2120 1425 2149 1331.
1451 2119 1569 2149 [(01.4.

299 2202 510 2241 3²{Ludowicus
534 2203 595 2233 Dei
619 2203 729 2244 gracia
748 2203 967 2234 Romanorum
993 2214 1050 2234 rex
1074 2214 1202 2244 semper
1229 2207 1404 2245 augustus}{
1493 2204 1589 2234 nobili
1613 2204 1679 2234 viro
1704 2204 1837 2234 Iohanni

187 2251 296 2284 comiti
313 2253 429 2284 Mohac
454 2253 583 2284 domino
600 2254 742 2294 Ragusie
768 2255 852 2286 dicto
877 2255 916 2285 (16
941 2255 1157 2287 Claromonte.
1183 2255 1271 2286 fideli
1294 2266 1350 2286 suo
1376 2256 1492 2286 dilecto
1581 2256 1724 2296 graciam
1749 2266 1837 2285 suani

145 2316 169 2335 ³5
189 2307 220 2335 et
244 2315 338 2335 omne
363 2304 491 2335 bonum.

295 2355 426 2396 Regalis
457 2356 677 2387 munificencia
701 2356 740 2387 de
765 2357 813 2387 sui
837 2357 1006 2397 regalitate
1039 2357 1079 2387 ad
1111 2356 1326 2388 benemeritos
1350 2357 1461 2388 libenti
1489 2358 1595 2388 animo
1620 2368 1653 2388 se
1683 2357 1837 2390 extendit,

191 2416 245 2437 eos
269 2407 409 2437 maxime
434 2407 586 2447 graciosis
610 2408 793 2438 muneribus
810 2409 1046 2450 amplectendo,
1071 2409 1124 2449 qui
1147 2412 1213 2439 tam
1236 2420 1364 2440 suorum
1389 2410 1631 2450 progenitorum
1654 2419 1749 2450 quain
1774 2409 1837 2439 suis

188 2457 349 2499 obsequiis
374 2457 454 2489 bene
481 2468 559 2499 erga
583 2458 764 2490 Romanum
788 2461 957 2500 imperium
983 2463 1178 2490 meruerunt.
1224 2460 1308 2490 Hinc
1333 2464 1381 2491 est
1401 2460 1485 2501 quod
1509 2461 1748 2491 considerantes
1772 2464 1837 2490 tam

187 2508 272 2539 clare
296 2510 451 2540 memorie
478 2510 602 2540 comitis
626 2510 778 2541 Manfridi
802 2512 956 2551 genitoris
980 2512 1025 2541 tui
1049 2521 1145 2552 quam
1170 2512 1232 2541 tuis
1262 2511 1479 2542 laudabilibus
1507 2511 1668 2552 obsequiis
1692 2511 1782 2541 nobis
1807 2514 1837 2541 et

145 2571 170 2588 4ο
187 2558 334 2590 Romano
358 2561 494 2601 imperio
519 2561 671 2592 exhibitis
696 2565 728 2592 et
757 2566 922 2602 sperantes
946 2561 1086 2602 indubie,
1111 2562 1196 2602 quod
1220 2563 1251 2592 in
1275 2563 1320 2593 tui
1348 2566 1520 2603 augmento
1549 2563 1675 2603 augusti
1703 2562 1834 2592 dextera

188 2610 380 2642 beneficium
410 2616 497 2642 recte
522 2613 658 2649 confert,
687 2613 744 2643 tibi
768 2624 825 2653 pro
849 2617 880 2644 te
909 2614 1034 2654 tuisque
1066 2613 1238 2644 heredibus
1268 2614 1420 2654 legitimis
1451 2618 1483 2644 et
1513 2613 1778 2644 descendentibus
1806 2613 1835 2642 in

189 2661 319 2692 feodum
353 2667 547 2704 perpetuum
583 2667 615 2694 et
649 2664 857 2695 honorificum
891 2675 930 2695 ex
962 2667 1049 2695 certa
1080 2665 1217 2696 sciencia
1249 2668 1281 2695 et
1311 2665 1349 2695 de
1384 2665 1581 2705 plenitudine
1613 2668 1717 2694 nostre
1749 2664 1834 2702 regie

187 2713 364 2744 maiestatis
388 2714 590 2745 concedimus
614 2725 672 2755 per
704 2719 870 2755 presentes
894 2726 1004 2747 omnes
1035 2715 1220 2754 comitatus⁷
1250 2716 1414 2754 baronias,
1444 2715 1660 2753 castellanias,
1690 2714 1833 2744 ‹lomina-
