2205 3025
326 114 387 141 55⁵
560 105 655 132 ACTA
677 104 787 130 REGNI
808 102 989 129 LUDEWICI
1009 102 1054 128 IV.
1075 101 1120 127 ET
1140 100 1321 126 FRIDERICI
1342 100 1390 126 III.
1426 99 1501 125 1329.
1538 99 1585 125 Nr.
1599 100 1656 126 660.
1676 99 1733 125 661.

434 196 461 222 4.
497 192 646 222 Ceterum
671 188 895 220 concedimush
919 191 953 218 ut
977 191 1049 228 post
1073 186 1239 217 decessum
1264 186 1309 216 tui
1333 185 1454 226 Loysii,
1478 186 1502 215 si
1527 188 1558 215 te
1588 188 1662 215 ante
1692 196 1785 226 quam
1815 196 1872 215 nos
1895 185 1976 215 niori

327 243 525 283 contingerit.
551 242 591 272 ad
614 242 696 272 filios
720 244 790 270 tuos
814 240 882 269 vice
907 239 999 269 unius
1024 239 1126 269 dictus
1144 237 1314 267 vicariatus
1337 237 1429 267 simul
1453 236 1610 267 tenendus
1635 239 1667 267 et
1690 236 1850 277 regendus
1874 237 1974 267 omni-

326 296 383 325 bus
408 293 628 334 superstitibus
653 295 685 322 ct
709 290 903 322 defficientei
928 290 1035 330 aliquo
1060 290 1201 330 ipsorum
1218 289 1395 319 successive
1420 289 1451 318 in
1475 288 1573 318 alium
1596 288 1646 318 vel
1671 287 1760 326 alios,
1785 289 1838 328 qui
1864 298 1974 328 super-

326 347 386 376 erit
416 345 464 375 vcl
497 344 689 384 supemrint,
724 343 793 372 viee
826 342 916 371 unius
949 344 983 371 ut
1013 340 1211 381 prediximus
1240 350 1341 380 usque
1373 339 1413 370 ad
1446 342 1587 370 nostrum
1616 339 1666 369 vel
1701 339 1892 370 successoris
1921 341 1977 369 aut

325 406 541 427 successorum
572 398 751 425 nostrorum
781 394 811 423 in
842 393 1014 432 Romanspl
1044 402 1143 432 regno
1173 391 1223 422 vel
1255 391 1391 432 imperio
1423 391 1589 421 dumtaxat
1616 390 1854 431 beneplacitum
1882 390 1976 420 simili

327 447 421 478 modo
447 450 479 477 et
502 448 605 477 forma
628 450 663 476 ut
687 445 878 475 describitur
901 443 1099 474 devolvatur.

434 498 469 528 In
499 498 586 528 cuius
614 498 659 528 rei
688 496 903 527 testiinonium
936 499 1102 535 presentes
1130 495 1252 525 litteras
1282 493 1436 524 conscribi
1470 496 1502 524 et
1531 493 1635 533 sigillo
1663 493 1840 523 maiestatis
1870 495 1977 522 nostre

327 550 473 580 iussimus
497 549 693 579 communiri.
1330 573 1341 575 „

434 600 505 631 Dat.
531 600 561 630 in
585 600 696 630 castris
720 598 805 639 apud
822 598 1092 638 Poinponescum,
1116 597 1286 628 undecima
1310 596 1360 627 die
1387 595 1589 635 Novembris,
1614 607 1695 626 anno
1721 595 1849 626 Domini
1873 595 1977 625 mille-

326 653 405 682 simo
431 651 655 682 trecentesimo
673 651 826 690 vigesimo
852 660 945 687 nono,
970 649 1123 680 inditione
1142 648 1378 687 tcrciadecima‚
1402 648 1491 688 regni
1508 648 1607 678 nostri
1624 658 1705 678 anno
1730 647 1977 688 quintodecimo,

326 704 452 743 imperii
477 713 551 733 vero
576 701 726 733 secundo.

687 832 773 867 661.
814 831 988 866 Concessio
1017 830 1176 864 bonoram
1207 830 1350 874 imperii.
1454 831 1543 864 Non.
1563 832 1618 863 11.

439 906 597 946 (nignitate
620 908 764 937 servatur
795 906 913 936 ibidem.
969 905 1165 936 Contulimus
1192 898 1256 936 nos.
1314 905 1458 945 Sigillum
1484 915 1602 944 parum
1632 905 1750 935 laesum
1778 904 1889 942 pendet
1917 903 1981 942 filis

326 959 434 989 scricis
458 958 545 988 rubea]
567 958 702 996 flavique
726 957 845 988 eoloris.
870 975 909 980 —-
934 956 995 987 Ed.
1022 956 1157 987 Bo'lmner
1181 957 1271 987 ‘Acta
1294 957 1420 995 imperii
1442 956 1562 987 selecta’
1581 966 1614 995 2).
1637 958 1698 986 :501
1722 966 1769 986 nr.
1789 956 1850 985 732
1874 966 1912 986 ea:
1935 966 1979 986 or.

435 1018 578 1053 Bolmmr,
602 1018 676 1057 chy.
695 1017 805 1047 chdw.
824 1028 858 1055 p.
877 1017 939 1047 277
961 1028 1009 1048 nr.
1027 1019 1112 1047 271&
1138 1017 1260 1055 (Addit.
1279 1017 1323 1055 I).

440 1078 487 1115 Cf.
513 1078 640 1116 Scripta
665 1076 752 1118 infm
775 1077 817 1107 (cd
839 1088 868 1107 ιι.
887 1079 979 1108 1331.
1014 1077 1097 1109 Mai.
1114 1077 1165 1107 220.
1190 1077 1317 1108 edenda.

436 1172 625 1203 Ludowicus
649 1172 711 1202 Dei
738 1173 846 1213 gracia
869 1172 1089 1202 Romanorum
1113 1173 1287 1213 imperator
1317 1182 1445 1213 semper
1472 1174 1625 1212 augustus
1724 1170 1883 1201 nobilibus
1908 1171 1982 1201 viris

329 1225 446 1265 Loysio
471 1224 510 1254 de
528 1224 679 1264 Gronzago
704 1234 759 1253 suo
785 1226 817 1254 et
833 1224 958 1264 imperii
976 1224 1111 1254 civitatis
1128 1223 1259 1254 Mantue
1284 1227 1315 1254 et
1333 1223 1492 1254 districtus
1510 1224 1627 1254 vicario
1645 1223 1798 1264 generali,
1824 1221 1981 1260 Gwidoni‚

330 1276 512 1317 Pfillippino
538 1278 569 1305 et
592 1274 734 1305 Feltrino
760 1275 830 1305 filiis
853 1275 930 1311 suis,
956 1276 1018 1305 suis
1043 1278 1075 1305 et
1099 1275 1224 1315 imperii
1248 1275 1396 1305 fidelibus
1421 1275 1545 1305 dilectis
1670 1275 1811 1315 graciam
1836 1284 1926 1304 suam
1951 1277 1984 1303 et

332 1337 425 1357 omne
450 1327 577 1357 bonum.

445 1380 468 1407 l.
503 1377 715 1417 Imperatorie
740 1376 934 1407 celsitudinis
959 1381 1109 1408 consueta
1133 1377 1314 1418 benignitas
1343 1378 1374 1407 in
1399 1376 1626 1407 distribuendis
1651 1377 1814 1407 beneficiis
1841 1376 1983 1407 uberiori

333 1429 441 1460 favore
466 1428 536 1459 illos
560 1429 773 1469 prosequitur,
804 1439 882 1468 quos
906 1439 961 1459 sue
986 1429 1156 1459 voluntatis
1181 1428 1220 1458 ad
1246 1428 1449 1468 beneplacita
1474 1429 1631 1458 invenerit
1655 1428 1882 1468 prompciores.
1929 1427 1982 1457 In-

333 1481 450 1521 spectis
473 1481 580 1521 itaque
604 1484 708 1510 vestre
733 1479 900 1520 probitatis
924 1481 1045 1510 meritis
1069 1483 1101 1510 et
1124 1481 1265 1520 pensatis
1289 1479 1460 1520 diligenter
1477 1479 1731 1510 exliibicionibus
1756 1479 1984 1519 obsequiorum

334 1532 493 1572 gratuitis,
527 1531 640 1572 quibus
675 1541 751 1571 erga
782 1542 838 1561 nos
871 1534 902 1561 et
933 1542 1057 1562 sacrum
1086 1531 1254 1571 imperium
1285 1530 1397 1561 diebus
1426 1531 1538 1561 vestris
1570 1531 1788 1570 multipliciter
1818 1530 1984 1568 elaruistis,

334 1587 440 1613 nostro
466 1584 573 1613 favore
591 1593 645 1612 vos
670 1582 782 1623 dignos
807 1583 1009 1622 agnoscimus
1034 1583 1210 1623 nostrisque
1236 1582 1398 1613 beneficiis
1422 1593 1477 1613 vos
1501 1593 1668 1613 censemus
1686 1581 1868 1621 specialiter
1891 1581 1984 1611 attol-

335 1634 454 1664 lendos.
500 1633 544 1664 Ut
567 1635 662 1674 igitur
686 1638 827 1664 nostrum
851 1634 1017 1664 evidenter
1034 1635 1213 1674 agnoscatis
1231 1634 1381 1664 affectum
1398 1637 1604 1674 nostramque
1621 1633 1876 1663 benivolenciam
1893 1633 1986 1663 vobis

335 1685 533 1726 aliquatenus
557 1686 704 1715 senciatis
728 1685 933 1723 fructuosam,
958 1685 1047 1715 vobis
1072 1695 1108 1715 ac
1132 1688 1271 1715 vestrum
1295 1685 1426 1715 cuilibet
1450 1686 1480 1715 in
1505 1685 1639 1715 solidum
1665 1684 1852 1724 guardiam,
1880 1688 1985 1714 custo-

335 1736 419 1767 diam
445 1740 477 1766 et
500 1737 773 1767 conservationem
798 1740 963 1770 terrarum.
988 1737 1130 1767 locorum
1156 1747 1210 1766 seu
1235 1740 1409 1767 castrorum
1428 1736 1539 1766 Razoli
1563 1739 1595 1766 et
1612 1736 1746 1765 Luzarie
1771 1746 1893 1765 necnon
1919 1736 1986 1766 eius

312 1788 433 1830 ‘partis
461 1788 620 1818 districtus
649 1798 705 1818 seu
735 1788 903 1818 cinnitatus
928 1787 1101 1825 Cremone,
1134 1798 1228 1828 quam
1260 1789 1290 1818 in
1315 1788 1455 1828 presenti
1481 1797 1560 1817 nunc
1586 1787 1700 1817 tenetis
1724 1797 1781 1817 seu
1805 1787 1985 1827 possidetis,

337 1842 473 1879 excepto
499 1843 606 1869 tamen
631 1842 734 1869 castro
760 1838 1023 1877 Oasalismaioris,
1048 1839 1133 1879 quod
1157 1839 1248 1869 nobis
1272 1840 1410 1870 retinere
1435 1839 1595 1876 volumus,
1620 1838 1851 1869 restituendum
1877 1841 1985 1870 tamen

336 1891 425 1920 vobis
449 1894 554 1921 nostre
572 1900 642 1920 cuni
669 1890 824 1930 placuerit
847 1891 1027 1931 mayestati,
1053 1901 1123 1921 cum
1142 1891 1286 1921 omnibus
1312 1894 1343 1921 ct
1359 1890 1491 1931 singulis
1510 1889 1713 1926 districtibuffi
1738 1889 1868 1925 iuribus.
1892 1889 1983 1919 iuris-

337 1941 536 1977 dictionibus„
561 1941 742 1974 honoribus,
767 1941 953 1977 redditibus„
978 1943 1079 1980 terris,
1103 1943 1203 1982 aquis,
1228 1942 1429 1974 molendinis.
1454 1942 1597 1982 piscariis
1621 1942 1801 1981 ceterisque
1826 1940 1865 1971 ad
1885 1941 1987 1972 dictas

338 1996 437 2022 terras
467 2003 522 2022 scu
552 1993 622 2022 loca
651 2003 778 2033 quoquo
815 1993 909 2023 modo
947 1994 1178 2033 pertinentibus
1206 1997 1317 2024 tenore
1347 1994 1547 2034 presencium
1577 1992 1781 2023 concedimus
1814 2003 1916 2033 usque
1945 1992 1987 2023 ad

337 2048 442 2073 nostre
468 2043 703 2083 beneplacitum
728 2044 908 2082 voluntatis,
933 2046 1161 2075 constituentes
1179 2056 1233 2075 vos
1250 2048 1456 2085 vestrumque
1481 2044 1657 2085 quemlibet
1681 2043 1835 2074 officiales
1860 2047 1984 2075 nostros

339 2097 368 2125 in
393 2095 553 2135 predictis.

448 2148 475 2176 2.
509 2146 730 2177 Concedentes
755 2147 844 2177 vobis
873 2150 904 2177 et
928 2151 1066 2178 vestrum
1097 2148 1226 2179 cuilibet
1250 2148 1383 2178 liberam
1412 2148 1443 2178 in
1468 2146 1589 2178 eisdem
1614 2146 1926 2176 administracionem
1956 2149 1988 2176 et

340 2198 466 2237 plenam
489 2197 736 2228 iurisdictionem
762 2198 940 2239 inquirendi
965 2202 996 2229 et
1020 2199 1169 2239 puniendi
1196 2203 1227 2229 et
1251 2199 1401 2229 iudicium
1426 2198 1574 2239 sagwinis
1599 2208 1635 2228 ac
1659 2208 1782 2227 merum
1807 2200 1838 2227 et
1854 2198 1988 2227 mixtum

340 2248 507 2287 imperium
533 2252 565 2278 ct
581 2248 827 2278 iurisdictionem
846 2249 1017 2279 exercendi
1042 2250 1071 2279 in
1090 2260 1206 2290 genere
1233 2254 1264 2280 et
1287 2250 1318 2279 in
1342 2250 1449 2290 specie
1474 2260 1531 2290 per
1554 2259 1609 2279 vos
1634 2248 1682 2278 vel
1707 2248 1802 2278 alium
1827 2251 1881 2278 aut
1898 2248 1987 2285 alios,

341 2300 389 2329 cui
406 2299 454 2328 vel
473 2299 586 2339 quibus
603 2299 703 2339 ipsam
722 2300 970 2330 iurisdictionem
988 2305 1019 2331 et
1037 2302 1142 2331 onmia
1164 2305 1195 2331 et
1212 2301 1335 2341 singula
1353 2300 1536 2341 supradicta
1555 2300 1776 2331 commiseritis
1797 2298 1988 2337 exercenda,

342 2354 470 2390 recepto
495 2361 512 2379 a
531 2350 618 2380 vobis
636 2351 779 2390 primitus
796 2351 959 2382 fidelitatis
976 2353 1154 2383 iuramento
1180 2356 1212 2383 et
1233 2353 1318 2393 quod
1335 2352 1511 2392 predictam
1529 2351 1835 2382 administrationem
1854 2350 1988 2381 sollicite

342 2402 459 2441 geratis
484 2404 515 2431 et
538 2401 786 2432 iu1·is‹liction‹‘÷m
811 2402 949 2433 fideliter
970 2405 1174 2444 exequamini
1204 2404 1279 2434 nulli
1310 2409 1419 2435 contra
1440 2405 1598 2434 iusticiam
1620 2403 1781 2443 parcendo
1805 2402 1855 2432 vel
1877 2412 1989 2443 quem-

343 2462 437 2492 quam
456 2453 604 2483 iniuriose
622 2453 769 2488 ledendo,
788 2454 842 2484 scd
861 2455 907 2484 ius
924 2465 1014 2485 suum
1032 2456 1202 2495 unicuique
1221 2456 1400 2486 tribuendo.
1433 2456 1497 2485 Per
1514 2455 1593 2485 lianc
1611 2464 1738 2494 quoque
1753 2453 1990 2484 concessionem

343 2507 481 2533 nostram
507 2505 612 2534 omnia
641 2508 672 2534 et
696 2506 819 2545 singula
843 2505 931 2535 vobis
956 2516 1024 2536 csso
1050 2517 1200 2537 concessa
1224 2507 1369 2538 volumus
1398 2508 1427 2537 in
1452 2507 1628 2547 premissis,
1660 2516 1793 2546 quorum
1817 2504 1991 2545 specialem

343 2555 599 2585 commissionem
624 2556 691 2585 ficri
716 2560 878 2596 oporteret
902 2561 933 2586 et
957 2568 1018 2597 que
1044 2559 1072 2587 in
1097 2558 1238 2598 generali
1258 2559 1480 2589 commissione
1505 2568 1566 2588 non
1590 2557 1743 2595 venirent7
1768 2556 1826 2585 nisi
1851 2555 1890 2585 de
1914 2555 1991 2595 ipsis

343 2606 433 2636 ficret
449 2608 573 2636 mencio
591 2607 746 2647 specialis.
779 2607 827 2637 Ex
846 2612 932 2638 certa
949 2609 1085 2639 sciencia
1102 2613 1288 2639 revocantes
1307 2620 1431 2639 omnem
1450 2610 1544 2639 aliam
1563 2609 1811 2645 concessionem,
1829 2606 1990 2637 dationem

447 2708 514 2734 (360.
544 2709 568 2735 ΙΙ)
589 2710 633 2733 tibi
653 2718 718 2741 sequ.
739 2710 810 2735 (Zela.
832 2711 853 2734 1.
950 2717 964 2741 ’,π
985 2712 1116 2736 deficiente
1135 2712 1158 2736 2.

2000 658 2023 676 10

2001 1028 2025 1046 15

2002 1341 2026 1359 20

2004 1596 2028 1613 25

2005 1852 2031 1870 30

2007 2108 2030 2126 35

2008 2365 2033 2382 40

2009 2618 2033 2637 45
