2205 3025
144 826 168 845 10

146 1355 170 1375 20

149 1612 172 1631 25

150 1874 173 1892 30

151 2129 174 2148 35

151 2385 177 2403 40

457 127 551 153 ACTA
572 126 684 153 REGNI
703 127 886 155 LUDEWICI
905 128 952 155 IV.
972 128 1016 154 ΕΤ
1036 129 1218 155 FRIDERICI
1239 129 1286 155 111.
1324 129 1397 155 1329.
1435 128 1481 155 Nr.
1495 129 1554 156 567.
1767 133 1827 162 471

391 272 475 308 567.
518 273 739 318 Pririlegliam
762 287 829 320 pro
857 276 987 311 civitate
1016 276 1299 312 Pontremzdeusi.
1405 279 1616 322 (Apr.)12‚

294 346 391 385 Copia
405 348 456 385 (c.)
474 347 654 377 recentioris
670 349 783 378 aetatis
801 349 832 378 in
848 348 1004 379 tabulario
1021 350 1102 388 reyio
1115 349 1308 381 Florentino.
1332 369 1371 373 ——
1388 351 1448 381 Ed.
1462 351 1495 382 F
1495 352 1576 383 [cher
1595 353 1827 394 ‘Forsclcunyen

182 407 240 428 :mr
263 397 392 428 Reichs-
417 397 486 428 und
507 397 793 437 Rechtsyeschirhte
816 399 956 430 Italieozs'
980 400 1118 436 112523
1141 411 1189 432 w:
1208 402 1270 432 513
1293 412 1330 432 ea:
1354 413 1396 434 c..·
1422 403 1510 434 Gioz‘.
1529 404 1642 442 δίον-ἔα.
1667 405 1828 437 ‘Blemorie

184 458 200 479 c
226 448 401 479 ‹loczmeeozti
420 459 481 487 per
507 449 621 480 servire
650 449 713 479 alla
741 451 839 480 storia
863 451 896 481 (Ζὶ
920 450 1121 482 Pomm-emole¹⁴
1147 452 1189 482 H
1210 452 1328 491 (Laeca
1354 454 1452 487 1385)
1470 465 1504 492 2).
1521 456 1584 485 336
1606 466 1655 488 nr.
1672 458 1714 487 36
1741 467 1778 488 ω’
1802 468 1828 489 c.

185 500 244 539 (acl
265 499 343 531 Nor.
362 501 405 539 12
421 525 427 531 .
473 500 653 531 Editionem
677 500 762 531 illam
786 503 961 540 rcpetimus.

292 559 342 591 De
365 562 498 600 tempore
520 557 560 598 cf.
585 563 690 591 notam
715 561 803 600 apud
826 561 940 592 Flesti-er
964 561 982 592 l.
1001 573 1024 593 c.
1049 563 1200 593 additam.

293 654 475 685 Ludovicus
509 654 569 685 Dei
605 655 708 695 gratia
739 654 956 686 Romanorum
993 657 1166 696 imperator
1200 667 1327 698 semper
1358 662 1509 698 augustus
1619 663 1771 692 universis
1799 666 1832 693 et

186 708 316 748 singulis
333 711 498 748 presentes
523 707 645 738 litteras
669 708 868 748 inspeetu1·is‚
893 710 956 739 suis
973 708 1029 751 [et]
1055 710 1179 750 imperii
1204 709 1350 740 fidelibus
1376 710 1499 742 dilectis
1580 713 1715 753 gratiam
1740 724 1829 744 suam

186 762 218 790 et
242 769 335 790 omne
360 759 486 790 bonum.

272 810 321 841 Ex
354 814 444 851 parte
477 811 619 841 comunis
648 813 680 841 et
710 811 873 841 hominum
905 815 987 842 terre
1018 811 1231 844 Pontremuli,
1267 816 1445 844 nostrorum
1477 818 1507 844 et
1536 815 1659 855 imperii
1687 815 1829 846 fidelium

187 861 385 900 dilectorum,
411 862 469 892 fuit
493 862 653 892 maiestati
677 866 783 892 nostre
808 873 879 892 cum
904 864 1051 893 instantia
1077 864 1304 904 supplicatum,
1330 868 1485 904 quatenus
1510 866 1743 907 infrascriptum
1766 868 1830 907 pri-

186 913 337 955 vilegium
373 924 431 954 per
466 913 538 944 dive
574 914 728 945 memorie
764 913 960 944 Fridericum
997 914 1169 945 secundum
1203 914 1419 946 Romanorum
1453 917 1678 957 imperatorem
1714 918 1830 958 prede-

187 975 346 996 cessorem
363 968 503 996 nostrum
522 963 730 1007 [concessum]
749 968 780 995 et
798 966 901 995 onmia
921 965 980 995 alia
1000 966 1164 1006 privilegia
1182 966 1228 996 eis
1245 965 1376 1004 indulta,
1400 967 1632 999 iurisdictiones
1649 972 1680 999 et
1696 969 1832 1001 honores

187 1016 262 1047 dicti
287 1017 430 1047 comunis
455 1017 642 1047 confirmare
669 1020 701 1046 et
725 1017 876 1047 innovare
902 1016 941 1047 de
958 1017 1115 1057 imperiali
1134 1017 1302 1047 clementia
1322 1017 1534 1058 dignaremur.
1581 1019 1677 1050 Cuius
1701 1020 1831 1061 quidem

159 1083 169 1100 a
187 1068 345 1108 privilegii
369 1071 461 1099 tenor
484 1068 680 1109 dignoscitur
704 1078 773 1098 esse
799 1068 883 1098 talis:

293 1127 341 1159 ‘In
366 1129 492 1159 nomine
517 1131 625 1159 sancte
644 1138 820 1161 -1nense,
846 1127 1017 1158 indictione
1043 1127 1268 1168 prescriptis?l

294 1189 360 1219 Nos
384 1189 480 1229 igitur
504 1189 719 1230 predictorum
748 1188 911 1219 hominum
945 1191 976 1218 et
1004 1189 1145 1218 comunis
1169 1188 1408 1219 Pontistremuli
1434 1189 1635 1221 devotionem
1667 1195 1698 1221 et
1726 1191 1832 1229 tidem,

188 1251 283 1281 quam
301 1251 428 1281 semper
451 1240 491 1271 ad
517 1251 573 1271 nos
598 1244 630 1271 et
646 1240 827 1270 Romanum
853 1240 1020 1280 imperium
1039 1239 1228 1278 habuerunt,
1254 1250 1289 1270 ae.
1314 1244 1405 1280 grata
1430 1244 1460 1270 ct
1477 1244 1609 1281 accepta
1626 1243 1753 1272 servitia
1778 1253 1835 1282 per

189 1302 243 1322 eos
267 1291 357 1322 nobis
381 1295 413 1322 et
436 1292 570 1332 imperio
596 1291 739 1322 exhibita
764 1291 968 1322 attendentes
1000 1292 1205 1332 ipsorumque
1230 1292 1310 1321 votis
1339 1292 1431 1322 solita
1461 1292 1631 1323 clementia
1659 1296 1834 1324 annuentes

189 1343 365 1384 predictum
392 1343 591 1384 privilegium
617 1345 662 1374 eis
687 1354 871 1374 concessum
898 1354 954 1383 per
979 1342 1050 1373 dive
1075 1343 1229 1373 memorie
1256 1342 1450 1373 Fridericum
1476 1343 1649 1374 secundum
1673 1344 1834 1375 Romano-

189 1405 257 1425 rum
285 1395 511 1435 imperatorem
537 1395 800 1436 predecessorem
826 1398 967 1425 nostrum
993 1398 1024 1424 et
1049 1394 1152 1424 omnia
1179 1394 1239 1425 alia
1267 1394 1435 1435 privilegia
1460 1396 1505 1425 eis
1521 1395 1642 1426 indulta
1667 1406 1724 1436 per
1747 1396 1836 1426 divos

190 1446 349 1486 principes
372 1445 591 1477 Romanorum
622 1446 868 1487 predecessores
895 1449 1035 1480 nostros,
1067 1449 1159 1485 prout
1189 1446 1234 1476 eis
1264 1446 1322 1476 rite
1352 1449 1384 1475 et
1414 1446 1545 1486 provide
1576 1450 1646 1477 sunt
1676 1458 1836 1480 concessa.

190 1498 349 1538 imperiali
378 1499 552 1528 autoritate
585 1508 625 1528 ex
656 1502 742 1528 certa
771 1498 903 1528 scicntia
931 1498 1155 1527 confirmamus
1187 1502 1218 1527 et
1249 1498 1344 1527 etiam
1374 1498 1570 1528 innovamus.
1624 1498 1665 1528 Et
1694 1498 1836 1529 volentes

191 1549 367 1590 predictam
399 1554 515 1580 terram
547 1549 789 1580 Pontistremuli
819 1554 969 1589 tanquam
999 1549 1195 1589 peculiarem
1225 1554 1255 1579 et
1284 1550 1407 1589 imperii
1436 1550 1620 1589 precipuam
1653 1546 1836 1580 immediate

192 1601 230 1631 ad
257 1602 380 1642 imperii
407 1605 437 1631 et
461 1604 599 1631 nostram
623 1611 783 1632 cameram
800 1602 972 1642 pertinere.
1001 1602 1106 1631 onmia
1132 1600 1308 1641 privilegia.
1334 1601 1541 1631 instrumenta
1566 1611 1602 1631 ac
1627 1601 1837 1642 obligationes

192 1656 223 1683 et
248 1657 351 1693 pacta,
377 1652 461 1684 facta
487 1656 518 1683 et
542 1653 643 1683 factas
668 1653 706 1683 de
732 1652 962 1684 iurisdictione.
989 1652 1123 1682 honore.
1149 1652 1285 1682 utilitate
1311 1656 1342 1682 et
1366 1652 1572 1682 translatione
1598 1652 1728 1682 dominii
1753 1653 1836 1683 dicte

191 1707 273 1735 terre
299 1708 451 1745 quantum
482 1704 521 1734 ad
548 1704 681 1734 confinia
707 1704 920 1734 determinata
949 1704 978 1733 in
1004 1703 1170 1743 privilegio
1200 1703 1381 1743 supradicto
1411 1713 1469 1743 per
1498 1714 1554 1733 nos
1585 1714 1639 1734 seu
1668 1714 1724 1744 per
1751 1706 1836 1734 retro

191 1755 410 1786 Romanorum
428 1756 587 1797 principes
604 1755 654 1786 vel
680 1766 790 1786 eorum
808 1755 942 1785 vicarios
966 1765 1021 1784 seu
1046 1764 1103 1794 per
1120 1754 1237 1784 dictum
1255 1765 1389 1784 comune
1406 1754 1644 1785 Pontistrcmuli
1662 1754 1712 1785 vel
1729 1765 1839 1795 quam-

192 1817 326 1848 cumque
351 1807 445 1837 aliam
463 1818 643 1848 personam,
669 1817 803 1837 comune
821 1806 871 1836 vel
895 1807 1134 1836 universitatem
1151 1805 1201 1836 vel
1218 1806 1322 1835 locum
1346 1806 1376 1835 in
1394 1815 1628 1846 quamcumque
1645 1806 1838 1846 singularem

192 1869 377 1899 personam.
403 1869 536 1889 comune
562 1858 612 1889 vel
636 1859 877 1889 universitatem
903 1857 941 1887 de
967 1859 1073 1887 nostre
1100 1857 1297 1897 plenitudine
1326 1845 1494 1897 potestatis
1523 1867 1562 1887 ex
1592 1860 1677 1887 certa
1706 1856 1837 1886 scientia

193 1920 394 1949 revocamus,
426 1920 588 1941 cassamus
620 1914 651 1940 et
680 1911 779 1940 etiam
804 1909 1017 1947 annullanms,
1048 1909 1150 1949 ipsam
1179 1915 1294 1939 terram
1319 1908 1560 1938 Pontistremuli
1587 1918 1657 1938 cum
1687 1911 1752 1938 toto
1781 1917 1837 1937 suo

192 1962 351 1992 territorio
382 1965 414 1992 ct
438 1961 582 1992 districtu
612 1964 717 1992 nostre
742 1960 899 2002 imperiali
926 1970 1052 1990 camere
1081 1960 1251 1990 autoritate
1280 1961 1473 2000 presentium
1506 1963 1712 1989 reservantes.
1767 1958 1839 1988 Non

193 2013 394 2043 obstantibus
420 2012 601 2054 [aliquibus]
627 2013 753 2054 legibus
782 2023 838 2042 seu
867 2011 996 2050 iuribus,
1024 2009 1109 2053 [que]
1135 2012 1296 2052 premissis
1320 2011 1349 2041 in
1373 2011 1479 2051 aliquo
1504 2011 1683 2047 obviarent,
1714 2010 1837 2040 etiamsi

193 2064 232 2095 de
256 2065 332 2105 ipsis
357 2068 442 2095 esset
460 2064 603 2106 [mentio]
623 2064 771 2104 specialis
795 2063 911 2101 fienda,
937 2074 1015 2104 quas
1039 2063 1088 2093 vel
1115 2073 1175 2103 que
1199 2062 1309 2093 haberi
1327 2063 1471 2092 volumus
1495 2072 1551 2102 pro
1576 2062 1744 2102 expressis,
1769 2061 1838 2101 qui-

194 2115 254 2146 bus
278 2120 430 2157 quantum
455 2116 495 2147 ad
520 2117 676 2156 premissa
708 2115 746 2146 de
776 2115 943 2156 potestatis
972 2118 1078 2144 nostre
1109 2112 1318 2155 pl[enitudine
1347 2117 1378 2144 et
1403 2113 1441 2144 de
1466 2111 1565 2154 certa]
1590 2113 1721 2143 scientia
1746 2112 1838 2142 dero-

192 2177 314 2207 gamus.
360 2168 447 2198 Nulli
472 2178 548 2208 ergo
574 2168 737 2197 hominum
763 2167 858 2197 liceat
881 2166 962 2196 hanc
986 2170 1093 2196 nostre
1116 2165 1362 2195 confirmationis
1387 2164 1430 2206 [et
1455 2164 1664 2195 concessionis
1689 2164 1838 2204 pagiuam

192 2217 377 2260 infringere]
402 2219 451 2249 vel
476 2220 502 2249 ei
529 2229 607 2249 ausu
625 2219 794 2248 temerario
813 2217 1042 2248 contrafacere.
1080 2215 1112 2246 Si
1138 2217 1206 2256 quis
1231 2219 1337 2246 autem
1363 2220 1471 2246 contra
1494 2216 1649 2256 premissa
1666 2215 1715 2245 vel
1732 2215 1838 2255 aliqua

195 2269 433 2312 [premissorum
459 2269 578 2312 facere]
603 2270 653 2300 vel
678 2270 786 2300 venire
810 2269 1048 2310 presumpserit.
1074 2278 1205 2308 gravem
1230 2268 1479 2308 indignationem
1504 2270 1644 2297 nostram
1669 2270 1700 2296 et
1724 2276 1838 2306 penam

194 2325 320 2352 centum
345 2332 523 2353 marcarum
548 2323 615 2352 auri
633 2320 813 2363 p[urissimi‚
838 2318 1055 2361 medietatem]
1080 2323 1185 2350 nostre
1203 2329 1340 2357 camere,
1365 2319 1519 2359 reliquam
1538 2328 1614 2348 vero
1632 2317 1838 2348 medietatem

195 2374 278 2413 parti
307 2373 371 2404 lese
402 2373 626 2414 applicandam
656 2384 688 2403 se
714 2373 837 2403 noverit
865 2373 1071 2403 incursurum.
1161 2371 1197 2401 Iu
1224 2370 1324 2412 [cuius
1349 2369 1406 2411 rei]
1431 2370 1646 2400 testimonium
1675 2371 1838 2409 presentes

195 2425 317 2456 litteras
340 2424 406 2455 fieri
433 2428 463 2455 ct
487 2425 665 2455 maiestatis
689 2428 796 2454 nostre
821 2424 924 2464 sigillo
950 2424 1095 2453 iussimus
1120 2423 1316 2453 communiri.

300 2476 383 2506 Data
407 2475 658 2509 Pontistremuli.
682 2486 764 2506 anno
782 2475 910 2505 Domini
935 2475 1104 2505 millesimo
1129 2474 1354 2504 trecentesimo
1372 2473 1525 2513 vigesimo
1550 2482 1643 2509 nouo,
1669 2470 1837 2500 indictione

194 2526 398 2562 duodecima,
435 2527 484 2558 die
518 2527 709 2557 duodecima
744 2527 861 2557 mens-is
890 2525 1037 2567 Aprilis&
1076 2525 1164 2565 regni
1193 2525 1289 2555 nostri
1321 2535 1402 2555 auno
1432 2523 1681 2564 quintodecimo.
1713 2520 1837 2560 imperii

194 2589 267 2609 vero
293 2578 442 2609 secundo.

297 2679 362 2706 5157.
390 2683 413 2704 a}
433 2682 583 2705 Novembris
602 2690 622 2705 c.

298 2741 322 2764 1³
344 2739 406 2772 Rea.
428 2740 486 2772 impv
508 2739 531 2764 Γ
548 2748 587 2765 ην,
604 2743 669 2765 1057.
