2205 3025
216 624 227 642 5

205 958 227 975 10

203 1214 226 1232 15

201 1469 225 1487 20

492 169 495 171 -
525 188 621 215 ACTA
642 187 753 214 REGNI
772 187 956 214 LUDEWICI
976 188 1022 214 IV.
1041 189 1088 215 ET
1109 188 1292 216 FRIDERICI
1311 189 1358 215 ΠΙ.
1396 189 1470 216 1329.
1509 189 1556 216 Nr.
1569 190 1627 216 655.

1837 193 1854 222 <1¹¹

1861 192 1898 222 εέ»

422 354 507 389 655.
550 354 980 399 ConfirmatioVpre'fvileq'e'fi
1002 367 1069 399 pro
1097 356 1229 390 civitate
1257 355 1473 399 Aecfflcstana.
1579 356 1648 391 Oct.
1666 358 1726 391 24.

359 439 518 481 Oriyinalc
543 442 614 481 (or.)
638 441 673 471 in
696 440 852 472 tabulario
874 441 1013 481 yerzemli
1036 442 1123 481 reync'
1139 441 1305 472 waare'ce'r
1320 442 1410 473 KLS
1433 453 1479 473 ur.
1497 444 1569 474 352.
1613 443 1811 474 Contulimus
1833 454 1898 475 nos.

250 491 350 523 Bulla
373 493 569 523 desideratur
591 491 656 531 felis
675 492 784 523 sericis
799 492 887 523 rubei
902 492 1037 532 flavique
1052 493 1163 523 coloris
1178 492 1302 524 relictis.
1339 494 1426 533 Quae
1442 495 1627 525 conveniunt
1643 505 1717 526 cum
1730 494 1900 536 Privileyio

250 553 348 582 supra
372 546 440 575 tom.
459 543 489 575 V
506 554 556 574 nr.
570 545 642 580 341,
666 553 703 574 ea
725 544 808 584 typis
829 544 1003 575 minoribus
1025 554 1156 575 eoecztssa
1178 547 1262 577 snut.

355 612 499 649 Bolemcr,
523 612 598 652 Rey.
615 612 724 644 Luam.
743 623 778 651 p.
797 614 836 643 65
860 622 910 644 ur.
926 614 1018 643 1061.

353 724 554 768 {jLudoxvicus}
577 729 628 756 Dei
651 729 747 763 gracia
763 729 953 756 Romanorum
976 725 1152 765 imperator
1175 738 1285 762 semper
1308 731 1443 763 augustus
1532 730 1669 756 universis
1694 731 1764 756 sacri
1781 731 1899 757 Romani

247 780 357 813 imperii
376 780 504 806 fidelibus
591 780 796 814 inperpetuum.

355 841 402 880 (l)
426 845 454 871 Si
470 845 534 871 fidei
558 845 659 871 merita
683 846 711 871 et
727 845 830 871 devota
846 844 969 870 fidelium
987 843 1130 876 obsequia,
1155 843 1203 876 qui
1226 852 1277 877 pro
1294 843 1446 870 honoribus
1464 845 1574 878 imperii
1599 854 1626 872 se
1649 848 1677 872 et
1694 855 1743 872 sua
1759 855 1899 880 exponere

248 897 275 922 et
295 895 403 922 labores
422 895 534 921 sufferre
552 895 661 921 sedulos
687 903 741 921 non
760 894 924 924 formidant,
950 893 1086 928 largifluis
1110 895 1202 920 nostre
1222 893 1402 920 benificencie
1422 894 1534 927 premiis
1554 904 1766 929 conpensu-mus,
1792 905 1824 923 ex
1848 897 1900 923 hoc

249 955 301 973 non
326 947 413 973 solum
433 947 518 973 ceteri
537 947 571 972 ad
595 955 644 972 nos
667 948 695 972 et
713 954 821 972 sacrum
840 945 987 979 imperium
1008 945 1166 972 devocionis
1190 947 1218 971 et
1243 945 1306 972 fidei
1330 946 1487 979 suscipiunt
1506 946 1716 978 incrementum,
1742 948 1789 974 sed
1814 948 1898 975 etiam

247 1000 338 1024 status
361 1000 455 1025 noster
478 999 506 1024 et
529 997 639 1031 imperii
663 997 698 1023 ad
722 997 836 1023 meliora
855 996 1022 1022 sublimatur
1046 998 1074 1022 ct
1093 995 1224 1030 dirigitur
1248 996 1397 1023 salubriter
1420 997 1454 1023 ad
1474 997 1588 1024 maiora.
1626 998 1693 1024 Cum
1719 1000 1791 1025 enim
1812 999 1899 1026 omnis

245 1050 336 1084 gloria
349 1058 396 1076 seu
410 1050 542 1084 potencia
556 1049 688 1083 principis
702 1049 729 1075 in
743 1049 916 1075 subditorum
931 1048 1066 1075 consistat
1079 1048 1200 1075 solidata
1214 1049 1340 1077 fortunis,
1355 1049 1503 1081 expediens
1517 1049 1684 1075 arbitramur
1698 1052 1726 1076 et
1739 1059 1899 1085 congruum.

247 1104 277 1128 ut
296 1102 380 1127 simus
393 1101 541 1127 subiectis*
560 1101 588 1126 in
602 1100 715 1127 iusticia
733 1100 830 1126 faciles
849 1102 877 1126 et
897 1100 923 1126 in
943 1099 1039 1134 gracia
1059 1099 1197 1126 liberales.
1228 1100 1346 1127 Noverit
1365 1100 1452 1134 igitur
1472 1110 1581 1134 presens
1601 1103 1659 1127 etas
1679 1104 1707 1127 et
1726 1102 1811 1128 futuri
1830 1104 1897 1129 tem-

247 1152 322 1186 poris
335 1161 493 1179 successura.
506 1152 665 1186 posteritas,
678 1152 751 1185 quod
765 1160 813 1178 nos
826 1151 934 1185 integre
948 1151 1011 1178 fidei
1026 1151 1178 1185 puritatem
1190 1153 1217 1178 et
1231 1151 1390 1178 devocionis
1404 1152 1601 1183 constanciam,
1616 1161 1670 1185 qua
1685 1152 1735 1178 viri
1750 1154 1898 1186 prudentes

246 1204 371 1230 consules
390 1205 418 1230 et
432 1203 599 1230 universitas
619 1203 722 1229 civium
742 1204 862 1229 fidelium
882 1206 1036 1230 nostrorum
1057 1204 1223 1231 dilectorum
1243 1203 1270 1229 in
1286 1204 1412 1237 Augusta
1432 1212 1498 1237 erga
1517 1212 1565 1229 nos
1585 1206 1613 1229 et
1632 1213 1738 1230 sacrum
1752 1204 1899 1238 imperium

246 1255 380 1281 hactenus
395 1255 561 1285 claruerunt,
581 1254 735 1288 graciosius
750 1254 936 1283 attendentes,
957 1255 1162 1282 considerantes
1182 1263 1291 1288 quoque
1311 1254 1444 1287 obsequia
1463 1252 1553 1288 grata,
1574 1264 1709 1288 expensas
1727 1255 1898 1289 multiplices

247 1309 275 1332 et
295 1306 417 1340 dampna
435 1306 546 1340 gravia,
569 1315 621 1340 que
644 1315 694 1340 pro
714 1306 871 1332 defensione
892 1306 1001 1332 honoris
1020 1307 1106 1333 nostri
1127 1307 1181 1332 hiis
1201 1306 1299 1333 diebus
1318 1305 1462 1331 subierunt
1480 1307 1508 1332 et
1528 1307 1601 1339 quod
1621 1306 1754 1340 obsequia
1773 1307 1899 1340 graciora

246 1359 327 1385 nobis
345 1359 476 1386 exhibere
493 1360 628 1393 poterunt
645 1359 672 1384 in
690 1360 823 1390 futurum,
840 1359 908 1393 ipsis
924 1359 957 1386 de
975 1355 1134 1396 imperiali
1150 1359 1323 1386 liberalitate
1341 1359 1375 1385 ad
1394 1359 1638 1386 conservationem
1654 1359 1755 1385 ini-iuni
1773 1362 1801 1386 et
1817 1360 1897 1386 liber-

246 1411 336 1436 tatum
355 1418 372 1435 a
391 1409 454 1436 dive
474 1409 676 1436 recordacionis
694 1409 806 1443 regibus
826 1412 853 1435 ct
870 1409 1002 1436 Romanis
1023 1409 1239 1443 imperatoribus
1260 1409 1499 1443 predecessoribus
1518 1409 1619 1435 nostris
1639 1410 1793 1436 illustribus
1815 1411 1898 1437 tradi-

247 1464 289 1488 tas
307 1464 336 1488 et
352 1470 498 1488 concessas
515 1470 622 1488 necnon
640 1461 668 1487 in
685 1464 867 1495 augmentum
884 1462 1008 1496 ipsarum
1025 1463 1134 1495 gracias
1150 1462 1345 1496 inti-ascriptas
1360 1462 1488 1487 duximus
1504 1462 1658 1488 faciendas:
1744 1461 1789 1493 (2)
1807 1463 1898 1490 Primo

244 1512 352 1545 quod**
372 1512 491 1546 predicti
516 1512 590 1538 cives
616 1514 749 1545 perpetuo
774 1512 854 1538 nobis
878 1515 906 1539 et
930 1513 1133 1539 successoribus
1163 1512 1265 1538 nostris
1296 1512 1405 1538 nomine
1431 1511 1541 1545 imperii
1566 1512 1652 1538 nichil
1677 1512 1833 1546 inpendant
1858 1514 1899 1539 rel

246 1563 394 1596 inpendere
421 1563 542 1589 debeant
566 1563 676 1590 nomine
702 1564 787 1590 stiure
811 1563 863 1589 nisi
889 1563 969 1589 annis
992 1563 1111 1597 singulis
1130 1563 1350 1597 quadringentas
1375 1563 1459 1589 libras
1479 1563 1653 1590 denariorum
1675 1564 1899 1597 Augustensiuni.

249 1615 354 1645 Quibus
373 1615 471 1642 solutis
490 1615 525 1641 ab
545 1615 619 1641 omni
639 1615 695 1641 alia
708 1615 856 1642 exaccione
875 1624 922 1641 seu
942 1618 1035 1642 steura
1054 1615 1155 1642 liberos
1175 1624 1232 1641 esse
1248 1615 1372 1641 volumus
1391 1616 1420 1641 ct
1439 1615 1582 1641 immunes.
1673 1614 1716 1650 (52⁸)
1742 1617 1812 1643 Item
1836 1626 1896 1643 cum

247 1667 358 1700 prefata
378 1666 478 1693 civitas
491 1666 697 1700 Auguste11(sis)
716 1676 770 1693 una
790 1667 822 1693 de
842 1667 1096 1693 honorabilioribus
1116 1670 1143 1693 et
1157 1666 1403 1700 principalioribus
1423 1666 1533 1699 imperii
1548 1666 1711 1693 civitatibus
1731 1675 1789 1693 esse
1809 1667 1898 1693 dinos-

203 1725 226 1743 251
247 1720 333 1749 catur,
353 1718 479 1744 volumus
498 1718 571 1751 quod
591 1718 718 1752 predicta
737 1718 838 1744 civitas
857 1719 906 1744 snb
926 1718 1047 1744 dominio
1066 1718 1176 1751 imperii
1191 1720 1326 1751 perpetuo
1346 1719 1483 1748 teneatur,
1504 1717 1544 1743 ita
1563 1717 1636 1750 quod
1652 1717 1820 1746 vendicionev
1841 1727 1899 1751 per-

201 1980 225 1999 30

201 2492 225 2509 40

202 2747 226 2764 45

244 1769 414 1800 mutacione,
436 1769 625 1795 infeodacione
646 1769 687 1795 rel
708 1769 806 1802 quovis
825 1769 881 1795 alio
901 1769 1082 1795 alienae-ionis
1102 1769 1182 1795 modo
1201 1769 1236 1794 ab
1256 1768 1365 1801 imperii
1387 1770 1527 1801 potestate
1547 1770 1575 1794 et
1594 1768 1716 1794 dominio
1739 1769 1898 1795 nullatenus

244 1820 436 1846 subtrahatur.
531 1817 574 1855 (4)
606 1821 677 1846 Item
707 1829 769 1846 cuin
799 1820 950 1846 secundum
979 1821 1141 1847 sancciones
1170 1820 1312 1854 legitimas
1337 1829 1353 1846 a
1377 1820 1445 1846 iuris
1473 1820 1611 1846 exercicio
1642 1823 1670 1847 et
1698 1821 1897 1854 prosecucione

244 1871 362 1904 quedam
376 1872 518 1903 tamquam
534 1870 648 1904 indigne
668 1873 696 1896 et
715 1870 853 1896 inhabiles
867 1871 1060 1896 tantummodo
1074 1871 1264 1899 excludantur,
1286 1871 1411 1896 volumus
1433 1873 1463 1896 ut
1476 1870 1578 1904 prefati
1593 1871 1666 1897 cives
1681 1872 1898 1904 Augustenlses‘»,

244 1924 291 1956 qui
308 1923 422 1950 discreti
439 1923 595 1956 probantur
621 1924 648 1949 et
664 1923 775 1956 ydonei,
800 1924 944 1956 tamquam
968 1923 1016 1948 alii
1037 1923 1131 1948 fideles
1156 1925 1184 1949 et
1200 1912 1401 1950 ministeriales
1418 1919 1544 1959 imperii
1568 1923 1597 1948 in
1614 1923 1714 1956 quovis
1731 1923 1898 1950 consistorio

244 1973 446 2000 iurisdiccionis
459 1973 622 2006 temporalis
636 1973 751 1999 valeant
762 1973 918 1999 sentencias
935 1972 992 1999 sive
1012 1972 1053 1998 ius
1067 1973 1158 1999 dicere
1179 1982 1239 1999 cum
1254 1973 1317 1999 aliis
1330 1973 1471 1999 nobilibus
1491 1975 1519 1999 et
1533 1973 1654 2001 vasallis,
1674 1973 1897 2000 contradiccione

244 2024 433 2058 quorumlibet·
453 2032 506 2050 non
525 2024 662 2050 obstante.
752 2020 800 2061 (5)
831 2025 872 2051 Ad
898 2026 947 2051 hec
972 2025 1099 2052 volumus
1124 2028 1152 2051 et
1176 2026 1340 2057 statuimus,
1364 2027 1438 2059 quod
1462 2026 1564 2054 nullus,
1589 2025 1808 2059 cuiuscumque*
1833 2035 1895 2052 con-

244 2076 361 2102 dicionis
381 2075 423 2101 vel
449 2078 538 2101 status
561 2074 657 2105 fuerit,
684 2083 726 2101 res
750 2075 873 2108 ipsorum
892 2076 1042 2110 naufragas
1062 2076 1103 2102 vcl
1129 2075 1182 2110 [de]
1202 2076 1332 2103 incendio
1351 2085 1398 2102 >eu
1418 2076 1497 2101 ruina
1516 2084 1612 2102 evasas
1632 2075 1773 2106 invadere,
1800 2084 1896 2109 rapere

245 2127 287 2152 vel
307 2126 391 2153 aliter
409 2125 461 2151 sibi
482 2134 615 2159 usurpare
634 2128 784 2159 presumat,
803 2127 875 2153 sicut
894 2127 1008 2153 insaniie
1028 2129 1163 2161 perpetue
1182 2130 1276 2154 notam
1296 2130 1324 2153 et
1343 2127 1556 2162 proscripcionis
1570 2127 1725 2161 imperialis
1739 2136 1895 2154 mucronem

245 2179 365 2205 voluerit
383 2179 498 2210 evitare,
515 2179 717 2205 consuetudine
736 2187 790 2212 que
807 2178 938 2211 gruntriir
950 2180 1053 2206 dicitur
1070 2180 1112 2205 vel
1127 2189 1302 2214 quacumque
1320 2181 1374 2206 alia
1393 2189 1447 2206 non
1465 2180 1604 2206 obstante.
1667 2176 1709 2209 (ὅ)
1728 2175 1896 2207 Promissis

200 2236 210 2253 3
244 2227 373 2266 insuper
392 2225 431 2256 ad
451 2226 590 2266 ipsorum
612 2225 777 2256 libertates
797 2226 996 2266 ampliandas
1021 2230 1051 2257 ct
1076 2227 1244 2268 dispendia
1268 2227 1479 2268 precavenda,
1504 2237 1574 2257 cum
1600 2227 1630 2256 in
1655 2237 1764 2257 eorum
1789 2228 1895 2268 quiete

245 2278 446 2318 quiescamus
471 2280 502 2307 ct
524 2277 761 2317 gravaminibus
785 2288 990 2318 agraveinur,
1017 2278 1193 2309 addicimus
1217 2290 1253 2309 ac
1279 2279 1399 2309 eisdem
1425 2278 1464 2309 de
1488 2279 1596 2319 gracia
1620 2281 1651 2308 et
1676 2278 1896 2308 benivolencia

244 2328 447 2359 concedimus
471 2329 613 2369 speciali,
639 2328 724 2368 quod
749 2328 788 2358 ad
813 2329 918 2359 aliena
941 2329 1059 2360 iudicia
1083 2330 1164 2360 trahi
1190 2340 1248 2360 non
1272 2329 1413 2360 debeant
1436 2340 1494 2360 uec
1519 2329 1558 2360 ab
1582 2329 1689 2370 aliquo
1715 2331 1839 2360 evocari
1865 2334 1896 2359 ot

245 2379 328 2420 quod
357 2379 462 2409 vocati
493 2389 681 2419 comparere
713 2383 744 2410 et
772 2380 968 2420 respondere
997 2391 1058 2410 non
1088 2384 1270 2421 teneantur,
1304 2392 1399 2422 quam
1429 2381 1482 2411 diu
1510 2381 1611 2422 parati
1642 2380 1759 2410 fuerint
1789 2391 1895 2411 coram

243 2430 400 2460 advocato
426 2440 534 2460 eorum
555 2431 741 2471 provinciali
762 2431 812 2462 vel
829 2431 986 2462 advocato
1011 2432 1147 2463 civitatis
1166 2433 1400 2473 Augusten(sis)
1426 2432 1568 2472 predicte
1593 2432 1646 2472 qui
1670 2442 1725 2472 pro
1751 2435 1894 2472 tompore

245 2481 362 2512 fuerint
395 2481 433 2511 dc
465 2492 499 2512 se
531 2482 772 2522 quei-ulantibus
805 2482 957 2513 exhibere
992 2484 1117 2513 iusticie
1147 2484 1427 2524 complementum.
1533 2484 1578 2522 (7)
1613 2488 1755 2513 Addentes
1783 2488 1818 2512 ad
1846 2487 1895 2512 hec

244 2537 368 2570 graciam
391 2537 494 2571 graciis
518 2537 695 2570 supradietis,
724 2538 818 2564 onmia
842 2538 1000 2572 privilegia,
1024 2535 1091 2565 iura
1118 2548 1165 2566 seu
1188 2540 1336 2566 libertates
1362 2542 1387 2565 ct
1412 2540 1521 2573 gracias
1546 2548 1561 2564 a
1584 2539 1655 2564 divis
1679 2538 1895 2572 imperatoribus

246 2590 274 2614 et
291 2588 403 2621 regibus
420 2588 553 2614 Romanis
570 2589 812 2622 predecessoribus
829 2590 934 2615 nostris
951 2590 1108 2616 illustribus
1126 2591 1176 2616 sub
1193 2600 1369 2624 quacumque
1387 2592 1476 2617 forma
1494 2590 1640 2617 verborum
1658 2590 1725 2623 ipsis
1743 2598 1895 2617 concessa&

245 2639 302 2665 acsi
326 2639 359 2665 de
386 2639 469 2665 verbo
493 2640 528 2665 ad
546 2640 660 2666 verbum
677 2641 855 2673 presentibus
880 2644 975 2667 essent
998 2642 1113 2673 incluse,
1138 2644 1166 2668 et
1183 2643 1400 2669 consuetudines
1424 2642 1580 2667 laudabiles
1604 2642 1680 2674 ipsus
1698 2640 1821 2666 civitatis
1846 2649 1894 2673 pro

246 2690 386 2716 communi
400 2690 526 2716 utilitate
540 2691 675 2717 hactenus
689 2691 860 2718 observatas
877 2693 1048 2719 auctoritate
1062 2689 1241 2729 imperiali*
1255 2704 1287 2720 ex
1305 2697 1382 2720 certa
1395 2693 1515 2720 sciencia
1529 2693 1732 2718 confirmamus.
1807 2686 1894 2716 Nulli

247 2746 323 2776 ergo
349 2735 513 2766 hominum
537 2738 664 2768 omnino
689 2738 785 2769 liceat
806 2738 889 2769 hanc
912 2744 1018 2770 nostre
1036 2741 1258 2777 concessionis,
1284 2741 1477 2775 donacionis
1502 2738 1745 2779 apra-obacionis
1770 2741 1802 2767 et
1825 2747 1893 2767 con-

246 2787 437 2818 firmacionis
461 2788 611 2828 paginam
635 2789 808 2830 infringere
832 2790 882 2820 vel
907 2791 935 2821 ei
960 2792 989 2821 in
1015 2792 1121 2832 aliquo
1147 2803 1225 2822 ausu
1250 2792 1420 2823 temerario
1439 2791 1603 2821 contraire.
1644 2788 1674 2818 Si
1701 2789 1769 2828 quis
1786 2791 1892 2818 autem

349 2855 387 2872 LL.
398 2854 622 2872 CONSTITUTIONES
635 2856 670 2873 vr
1656 2848 1687 2873 ΤΟ

1920 840 1941 860 V
1951 845 1984 860 nr.
1994 842 2031 861 631

1940 871 1986 892 cap.
1998 869 2016 887 l.

1914 1477 1961 1498 cap.
1969 1473 1988 1492 2.

1912 1629 1958 1648 cap⁴
1968 1626 1987 1643 3.

1913 1833 1958 1854 cap.
1969 1831 1988 1849 4.

1911 2036 1957 2057 cap.
1967 2033 1987 2052 5.

1909 2498 1956 2517 cap⁴
1965 2493 1985 2511 6.
