2205 3025
112 835 135 853 10

110 1091 133 1110 15

114 1348 137 1367 20

112 1607 136 1625 25

113 1864 137 1882 30

114 2119 137 2139 35

113 2377 137 2395 40

115 2637 138 2655 45

420 169 518 195 ACTA
539 168 651 194 REGNI
671 167 853 194 LCDEWICI
873 167 918 193 IV.
938 167 983 193 ET
1004 166 1185 192 FfflDERICI
1206 166 1253 191 III.
1292 166 1366 192 1:327.
1403 165 1521 191 >IL-215.
1741 168 1796 197 157

364 299 448 334 275.
490 300 688 334 Admonitu)
716 299 900 340 Laden-ici,
932 302 965 332 ut
991 297 1129 332 Ilaliam
1159 297 1340 341 relinquat.
1448 297 1535 340 Aps.
1555 301 1588 329 5).

262 372 359 411 Copia
385 374 435 411 (c.)
466 372 721 414 1'bi1lmnfol.27.
771 372 966 404 Contulimus
993 381 1058 403 uos.
1102 371 1161 401 Est
1189 371 1335 401 rulo-nm:
1370 371 1519 401 Monetur
1542 370 1686 400 Bavarus
1715 368 1798 409 quod

152 426 247 453 exeat
270 423 529 455 LombardiamR

259 482 404 520 Bolamcr,
428 483 504 522 Περ.
528 483 638 513 Lecdw.
661 494 692 522 2).
709 484 772 513 :219
796 483 908 513 Psebsfe
932 493 979 513 nr.
998 484 1047 512 55.

258 567 419 598 Iohannes
444 569 612 608 episcopus
637 578 746 598 servus
770 578 933 598 serverum
957 568 1028 598 Dei.
1118 566 1168 597 Ad
1193 567 1329 597 futuram
1356 566 1401 596 rei
1426 566 1624 597 memoriam.

264 622 287 649 1.
324 618 374 649 Ad
399 620 608 659 speculatoris
639 620 779 649 officium
803 619 943 649 noscitur
966 619 1127 659 pertinere
1151 619 1226 653 illis,
1256 628 1334 658 quos
1358 628 1416 657 per
1439 618 1499 648 iter
1523 617 1649 647 devium
1675 627 1801 647 currere

151 670 315 711 conspicit,
339 674 373 700 ut
395 680 523 711 gressus
547 681 621 701 suos
638 674 758 701 attente
776 670 978 701 considerent
995 670 1158 711 pedesque
1175 681 1248 700 suos
1265 670 1305 699 ab
1323 670 1376 700 illo
1395 673 1580 700 convertere
1598 679 1800 709 nequaquam

151 720 309 757 differant,
334 722 495 760 nunciare,
519 721 581 752 illis
598 732 735 762 quoque,
761 722 874 762 quibus
892 732 949 762 per
966 722 1080 761 impios
1098 722 1202 761 parari
1219 721 1393 761 pericnlum
1412 721 1558 760 percipit,
1583 724 1708 751 tenetur
1724 719 1802 750 illud

151 772 308 812 pandere,
339 776 373 802 ut
402 773 600 813 providentie
629 773 767 803 studium
796 772 855 802 sibi
884 776 994 803 contra
1022 772 1099 802 illud
1129 773 1257 802 valeant
1285 782 1472 812 precavere,
1503 775 1535 802 et
1561 775 1595 801 ut
1619 771 1677 802 hec
1702 772 1802 802 vitare

154 824 276 864 possint
299 824 493 859 innocentes,
519 824 616 854 debet
640 824 708 864 ipse
733 824 830 854 etiam
849 827 1005 863 oportuna
1023 823 1166 853 remedia
1183 822 1346 853 adhibere.
1383 823 1462 853 (¹um
1480 823 1576 862 igitur
1593 823 1621 852 in
1640 823 1802 853 notionem

153 875 313 915 publicam
338 886 395 916 per
419 874 494 905 facti
520 875 712 906 evidentiam
738 875 777 905 sit
799 874 981 906 deductum.
1007 874 1092 915 quod
1110 874 1156 904 vir
1173 874 1225 903 ille
1242 873 1465 905 venumdatus.
1490 877 1523 904 ut
1540 874 1636 904 faciat
1653 874 1802 911 ma1um2‚

153 926 351 957 Ludovicum
384 927 531 959 dicimus,
566 927 619 967 qui
651 926 770 956 dudum
801 929 870 956 erat
901 926 965 956 dux
996 926 1133 955 Bavarie
1165 928 1198 954 et
1226 936 1282 954 rex
1312 924 1556 964 Roman(oruni)
1586 926 1616 954 in
1645 925 1804 955 discordia

157 977 322 1008 dicebatur
345 978 466 1008 electus
490 979 608 1019 quique
633 979 696 1008 suis
720 977 925 1018 exigentibus
949 977 1113 1007 demeritis
1137 980 1272 1016 utroque
1298 976 1446 1006 videlicet
1471 976 1586 1006 ducatu
1612 980 1643 1006 et
1666 977 1748 1013 iure,
1778 977 1803 1006 si

154 1029 238 1070 quod
270 1030 298 1059 ei
329 1040 369 1059 ex
398 1030 555 1060 electione
586 1029 765 1060 huiusmodi
794 1029 983 1069 acquisitum
1013 1028 1131 1060 fuerat,
1162 1031 1211 1058 est
1240 1028 1411 1068 privatus³³.
1443 1027 1525 1057 adeo
1555 1028 1594 1057 sit
1621 1027 1804 1057 ambitionis

152 1080 226 1121 igne
249 1091 429 1119 succensus,
455 1081 539 1121 quod
563 1081 631 1111 vias
655 1092 715 1111 non
740 1092 867 1111 cessans
892 1090 1040 1121 querere,
1066 1090 1122 1120 per
1146 1089 1224 1119 quas
1249 1078 1288 1109 de
1314 1079 1397 1108 facto
1421 1079 1550 1113 saltem,
1576 1088 1645 1108 cum
1671 1078 1710 1109 (le
1735 1079 1803 1109 iure

153 1136 301 1172 nequeat,
326 1132 366 1163 ad
390 1133 565 1173 imperialis
590 1133 689 1173 possit
712 1132 927 1163 conscendere
951 1132 1064 1161 solium
1082 1130 1256 1171 dignitatis.
1282 1130 1440 1160 hereticos
1457 1129 1497 1160 de
1514 1130 1698 1160 Mediolano
1716 1134 1747 1160 et
1765 1130 1804 1159 de

152 1183 301 1214 Ferraria
329 1183 472 1224 aliosque
503 1183 640 1214 rebelles
668 1184 803 1213 ecclesie
832 1187 939 1213 sancte
965 1183 1024 1213 Dei
1053 1183 1084 1212 in
1113 1182 1255 1222 partibus
1279 1182 1372 1211 ltalie
1397 1182 1584 1211 constitutos
1608 1181 1667 1211 hiis
1692 1181 1804 1211 diebus

154 1235 313 1276 preteritis
342 1236 371 1266 in
396 1234 550 1265 Tridento
580 1235 620 1265 ad
649 1246 737 1265 suum
763 1235 928 1265 eonsilium
960 1234 1155 1265 convocavit.
1211 1234 1242 1263 ln
1272 1244 1334 1274 quo
1364 1232 1403 1263 ad
1433 1236 1573 1262 nostram
1603 1236 1635 1262 et
1662 1232 1805 1262 fidelium

156 1290 263 1318 sancte
279 1287 389 1318 matris
406 1287 541 1317 ecclesie
559 1287 589 1316 in
608 1286 749 1327 partibus
770 1286 860 1316 ltalie
878 1290 909 1316 et
927 1286 1078 1326 precipue
1096 1285 1248 1315 earissimi
1267 1285 1297 1314 in
1315 1284 1441 1314 (ilo-isto
1457 1285 1511 1313 tilii
1530 1284 1626 1314 nostri
1644 1283 1806 1323 R(oberti)

157 1339 242 1378 regis
259 1337 366 1369 Sicilie
391 1338 520 1369 illustris
545 1341 576 1369 et
601 1339 689 1378 regni
714 1338 849 1378 predicti
874 1337 914 1367 ad
939 1348 995 1366 nos
1019 1341 1050 1367 et
1069 1336 1247 1367 Romanam
1273 1336 1442 1366 ecelesiam
1459 1336 1526 1365 iure
1545 1335 1656 1365 directi
1675 1335 1805 1365 dominii

154 1390 351 1431 pertinentis,
377 1390 526 1431 quodque
551 1400 569 1420 a
594 1390 684 1420 nobis
708 1394 739 1419 et
763 1389 877 1419 eadem
903 1389 1037 1419 eeclesia
1057 1388 1200 1419 ltomana
1225 1388 1253 1417 in
1280 1387 1410 1418 feudum
1436 1398 1491 1417 rex
1517 1387 1601 1417 idem
1627 1387 1750 1417 obtinet
1775 1390 1806 1416 et

155 1452 211 1482 pro
236 1451 298 1482 quo
325 1444 431 1471 noster
455 1445 486 1471 et
511 1441 644 1471 eeelesie
664 1441 807 1471 ltomane
832 1440 986 1471 vassallus
1003 1440 1120 1473 existit,
1147 1439 1360 1469 turbationem
1379 1442 1411 1469 et
1427 1438 1611 1469 scandalum
1629 1439 1806 1478 aspirantes

154 1492 260 1522 iniisse.
289 1492 435 1522 dicuntur
463 1493 627 1522 eonsilium
658 1493 830 1532 pessimum
861 1496 891 1521 et
917 1491 1062 1521 ordinata
1088 1491 1115 1520 in
1142 1490 1257 1521 eodem
1283 1490 1414 1520 consilio
1439 1491 1541 1530 pactis
1566 1493 1598 1519 et
1621 1490 1806 1519 iuramentis

154 1544 271 1574 illicitis
295 1544 483 1579 firmavisse,
514 1548 546 1574 et
569 1548 603 1574 ut
627 1548 799 1584 conceptus
828 1554 901 1573 suos
925 1544 1049 1584 iniquos
1074 1543 1195 1583 possint
1219 1543 1247 1571 in
1275 1546 1365 1582 partu
1392 1541 1583 1582 producere.
1613 1541 1750 1571 rebelles
1775 1544 1806 1570 et

154 1595 288 1626 heretici
312 1595 484 1636 supradicti
515 1596 577 1626 iam
606 1596 710 1636 ipsum
733 1595 933 1625 Ludovicum
958 1595 1067 1625 datum
1096 1594 1126 1624 in
1151 1604 1277 1623 sensum
1305 1593 1497 1633 reprobum4
1523 1594 1552 1622 111
1579 1592 1805 1623 Lombardiam

154 1646 194 1677 ad
219 1647 279 1680 sui,
309 1650 342 1677 ut
366 1657 531 1687 speramus
560 1648 588 1677 in
616 1647 766 1683 Domino,
796 1646 1017 1677 confusionem
1045 1649 1233 1686 perpetuam
1259 1645 1475 1680 (leduxm-unt,
1504 1647 1538 1674 ut
1565 1645 1609 1674 sie
1638 1647 1747 1674 mutuo
1773 1654 1805 1673 se

154 1698 300 1729 iuvantes
328 1698 466 1729 rebelles
495 1698 554 1738 ipsi
582 1698 639 1728 sub
669 1698 782 1728 umbra
810 1698 954 1728 culminis
983 1708 1040 1737 per
1068 1708 1140 1727 eum
1170 1696 1311 1727 indebite
1341 1696 1514 1736 usurpandi
1545 1697 1664 1736 possint
1688 1696 1718 1725 in
1743 1696 1806 1725 suis

155 1749 383 1780 rebellionibus
403 1754 435 1780 et
452 1749 616 1779 heresibus
634 1759 839 1790 perseverare
857 1749 957 1779 libere
975 1759 1011 1779 ac
1029 1749 1164 1779 devotos
1182 1748 1317 1778 ecclesie
1335 1748 1375 1778 de
1392 1748 1507 1778 tinibus
1526 1748 1648 1777 illarum
1670 1747 1805 1787 partium

156 1800 298 1840 effugare
324 1802 455 1842 ipseque
473 1801 681 1841 L(udovicus)
707 1812 817 1831 eorum
835 1801 932 1831 fultus
951 1801 1093 1841 potentia
1111 1811 1225 1831 nomen
1243 1801 1376 1839 regium,
1402 1799 1487 1841 quod
1504 1804 1636 1840 usurpat
1653 1799 1805 1836 indebite,

156 1853 293 1883 retinere
322 1852 429 1883 valeat
457 1863 492 1883 ae
521 1863 636 1883 nomen
667 1853 833 1893 imperiale,
862 1853 1007 1882 similiter
1035 1853 1212 1892 promptius
1241 1862 1404 1892 usurpare.
1452 1851 1501 1881 Ad
1527 1862 1588 1891 que
1615 1850 1807 1891 exequenda

155 1913 212 1933 sua
236 1904 342 1944 iniqua
366 1904 470 1934 studia
494 1908 669 1945 congerunt
693 1915 729 1934 ae
747 1905 828 1934 vires
846 1907 876 1934 et
894 1904 1052 1944 potentias
1070 1903 1264 1944 conglobare
1283 1913 1343 1933 non
1362 1907 1497 1934 cessant.
1524 1913 1584 1931 non
1603 1902 1806 1932 attendentes

156 1956 240 1996 quod
265 1957 461 1986 exercituum
488 1956 643 1986 Dominus
668 1956 875 1996 reproborum
901 1956 988 1985 novit
1012 1955 1169 1985 infatuare
1194 1955 1347 1985 eonsilia⁵
1372 1965 1408 1984 ac
1434 1954 1530 1984 etiam
1555 1953 1719 1994 dissipare.

262 2009 290 2037 2.
326 2007 370 2037 Ut
393 2007 489 2047 igitur
512 2009 543 2038 iu
565 2008 622 2038 hac
640 2011 730 2048 parte
748 2011 920 2048 utcumque
938 2007 1053 2036 saltem
1071 2010 1179 2046 partes
1196 2007 1292 2036 nostri
1313 2005 1404 2036 offitii
1423 2015 1631 2045 exequamur,
1657 2008 1806 2045 presente

155 2058 213 2088 hac
237 2058 439 2089 multitudine
463 2059 604 2090 fidelium
630 2060 760 2100 copiosa
784 2058 982 2089 Ludovicum
1007 2058 1109 2098 ipsum
1134 2068 1171 2087 ae
1197 2057 1333 2087 rebelles
1358 2060 1389 2087 et
1413 2057 1573 2086 hereticos
1597 2056 1805 2096 supradictos,

157 2119 291 2150 quorum
315 2111 555 2141 conversionem
581 2114 612 2141 et
629 2111 764 2141 salutem
780 2112 913 2150 paterno
932 2120 1020 2139 more
1038 2109 1259 2139 desideranter
1276 2108 1468 2148 appetimus,
1496 2118 1551 2148 per
1568 2107 1627 2137 hoc
1646 2107 1803 2147 publicum

156 2171 395 2192 commonemus
420 2162 559 2192 edietum
584 2166 616 2193 et
639 2163 668 2192 in
686 2162 824 2192 Domino
849 2161 1066 2195 exhortamur,
1091 2165 1125 2190 ut
1149 2171 1167 2191 a
1189 2164 1253 2190 tam
1272 2160 1451 2200 periculoso
1469 2159 1562 2189 devio
1580 2162 1691 2189 curent
1706 2158 1806 2198 pedes

156 2222 228 2242 suos
260 2213 424 2243 retrahere
454 2224 490 2243 ae
515 2214 544 2243 in
569 2213 628 2243 hac
653 2213 735 2243 valle
761 2213 887 2243 miserie
919 2213 963 2243 sic
991 2214 1076 2252 ipsos
1104 2213 1134 2242 in
1164 2212 1246 2242 viam
1276 2211 1419 2242 veritatis
1449 2214 1481 2241 et
1506 2211 1593 2251 pacis
1619 2213 1805 2240 eonvertere

156 2263 313 2303 studeant,
338 2264 422 2305 quod
446 2268 519 2304 post
542 2264 634 2295 huius
658 2266 721 2295 vite
747 2265 912 2295 transitum
930 2263 1200 2294 immarcessibilis
1217 2274 1366 2293 coronam
1385 2262 1508 2303 glorie⁶
1526 2262 1661 2292 felieiter
1678 2262 1803 2301 assequi

156 2319 347 2346 mereantur.
398 2315 439 2346 Et
470 2319 503 2345 ut
534 2318 598 2346 tam
629 2315 783 2346 Ludoviei
819 2318 851 2346 et
880 2315 1016 2345 aliorum
1050 2314 1265 2355 predictorum
1298 2314 1456 2354 perversis
1486 2312 1707 2353 conceptibus,
1740 2317 1805 2341 tani

156 2366 305 2406 gravibus
328 2367 485 2397 malorum
501 2367 598 2397 initiis
615 2367 749 2397 tantisve
768 2367 916 2407 periculis
933 2366 1121 2396 aceeleratis
1138 2365 1288 2396 remediis
1306 2365 1481 2397 obviemus,
1507 2375 1544 2394 ne
1563 2367 1628 2394 tam
1647 2363 1805 2394 horrenda

156 2418 310 2458 principia
334 2419 538 2457 invalescant,
563 2422 612 2448 set
635 2429 691 2448 suo
716 2419 820 2459 potius
844 2418 1049 2458 prefoeentur
1072 2418 1101 2447 in
1127 2420 1207 2455 ortu,
1233 2427 1290 2457 per
1313 2420 1454 2447 nostrum
1480 2416 1618 2446 edictum
1644 2414 1804 2456 publicum

156 2472 304 2508 presente
329 2469 388 2499 hac
412 2469 613 2499 multitudine
637 2469 779 2500 fidelium
804 2470 935 2509 copiosa
960 2468 1097 2499 eundem
1122 2468 1346 2505 Lmdovieum)
1374 2477 1550 2505 monemus,
1576 2466 1680 2496 eidem
1707 2465 1805 2494 niehi-

156 2519 292 2550 lominus
321 2520 492 2551 districtius
520 2521 722 2561 iniungentes
750 2520 807 2551 sub
838 2530 920 2560 pena
949 2519 1162 2550 anathematis
1190 2523 1221 2549 et
1250 2519 1340 2558 penis
1369 2518 1439 2548 aliis
1467 2528 1486 2548 a
1510 2518 1577 2547 iure
1602 2524 1804 2556 quocumque

157 2581 212 2601 seu
229 2572 506 2603 constitutionibus
522 2574 637 2603 nostris
657 2572 782 2603 inflictis
802 2582 857 2602 seu
875 2571 1075 2601 comminatis
1091 2570 1151 2600 hiis
1169 2571 1221 2611 qui
1239 2570 1365 2600 titulum
1384 2569 1508 2609 regium
1525 2568 1605 2598 falso
1623 2567 1804 2597 temeritate

158 2624 285 2664 propria
314 2624 381 2654 ausi
410 2628 482 2654 sunt
508 2634 661 2665 usurpare
685 2628 740 2654 aut
763 2633 797 2654 se
822 2623 1088 2653 administrationi
1113 2622 1236 2662 imperii
1261 2621 1456 2657 immiscere,
1489 2629 1549 2659 que
1579 2620 1646 2658 ipso
1671 2620 1803 2647 vacante

261 2725 286 2752 1)
318 2725 357 2756 Cf.
383 2713 632 2757 Prem-ssReisnloem
659 2725 715 2750 Ioco
737 2732 819 2756 snpra
844 2724 879 2747 ml
902 2732 941 2748 nr.
960 2727 974 2748 2
997 2723 1080 2748 citato
1101 2732 1126 2754 1¹-
1145 2726 1190 2748 219
1216 2731 1255 2747 nr.
1274 2724 1425 2747 3130—3321.
1534 2719 1558 2744 2⁸
1582 2722 1603 2745 3.
1624 2719 1686 2750 Ji'erl.
1708 2722 1747 2747 21,
1766 2720 1802 2741 25.

158 2767 184 2797 3>
203 2766 291 2798 Supra
312 2775 351 2792 nr.
369 2770 417 2793 273
435 2770 458 2792 et
478 2770 536 2792 (mn.
552 2767 574 2792 V
590 2775 629 2791 nr.
645 2771 703 2792 944.
781 2767 808 2797 4)
829 2766 869 2797 (γ,
884 2766 958 2791 Rom.
975 2770 994 2796 1,
1009 2768 1048 2790 28.
1124 2765 1149 2796 ἦ)
1171 2764 1210 2795 Cf,
1232 2769 1253 2790 2,
1273 2764 1331 2795 my,
1348 2767 1382 2795 M,
1398 2767 1437 2788 31,
1515 2763 1540 2792 u)
1562 2762 1601 2791 (γ’,
1624 2766 1642 2785 1,
1658 2760 1726 2785 Par,
1743 2763 1765 2790 5,
1781 2764 1803 2783 4,

1547 2812 1598 2836 24*

1819 1124 1846 1143 cl'⁴
1863 1130 1893 1143 111·.
1906 1126 1944 1145 273

1839 1156 1885 1175 cap.
1898 1152 1927 1171 1¹2.
