2205 3025
175 672 199 690 10

176 928 199 946 15

174 1185 199 1201 20

173 1694 197 1712 30

173 1950 196 1968 ³5

172 2206 196 2224 40

172 2462 196 2479 45

173 2731 198 2748 5⁴»

498 111 594 137 ACTA
614 111 726 137 REGNI
747 110 930 137 LUDEWICI
951 110 996 136 IV.
1016 110 1060 136 ET
1082 109 1265 136 FRIDERICI
1285 109 1332 136 Ill.
1370 110 1442 135 1325.
1481 109 1580 136 N1·,15.
1846 116 1864 140 ς,

218 202 401 240 temporum
427 202 458 228 et
482 198 683 238 negotiorum
701 198 891 228 varietatem
916 197 1071 237 conspicit
1094 196 1264 227 salubriter
1288 196 1451 237 expedire.
1498 195 1626 226 Dudum
1644 197 1800 238 siquidem
1826 209 1866 228 ex

218 250 407 288 manifestis,
431 249 640 280 rationalibus
665 252 697 279 et
714 248 902 289 urgentibus
927 249 1029 279 causis
1053 251 1162 278 contra
1186 247 1395 278 Lodowieum
1420 247 1459 278 de
1485 248 1622 278 Bavaria
1646 252 1719 279 tunc
1746 250 1776 279 in
1802 249 1865 279 ‹lis-

219 301 329 332 cordia
360 301 390 331 in
415 312 525 342 regem
550 300 767 331 Romanorum
793 301 940 333 electum.
971 311 1028 341 pro
1060 310 1097 330 eo
1124 300 1209 340 quod
1240 299 1376 330 discordi
1409 300 1565 330 electione
1597 300 1778 331 huiusmodi
1809 311 1867 341 per

216 351 398 382 Romanam
422 352 605 389 ecelesiam,
637 352 677 382 ad
706 352 794 382 cuius
823 361 958 382 examen
988 361 1122 392 persone
1148 351 1250 381 electe
1274 351 1305 380 in
1330 361 1439 391 regem
1464 351 1682 381 Romanorum
1708 352 1738 382 in
1763 353 1864 393 impe-

218 406 357 434 ratorem
387 403 577 434 assumende
606 403 797 443 approbatio
827 406 860 433 et
888 403 1053 433 electionis
1082 402 1232 432 admissio
1264 403 1417 442 pertinet,
1452 413 1513 432 non
1544 403 1682 433 admissa
1712 414 1770 434 nec
1799 405 1866 434 eius

217 454 395 494 approbata
428 465 565 495 persona
598 464 714 484 nomen
746 454 831 494 regis
858 453 1077 484 Romanorum
1109 453 1249 484 indebite
1281 458 1451 494 usurparat
1482 464 1519 484 ac
1551 455 1641 494 regni
1669 454 1805 485 Romani
1835 459 1867 486 et

218 505 345 545 imperii
370 505 635 536 administrationi
659 516 692 535 se
717 506 748 535 in
772 504 915 536 eiusdem
945 505 1079 535 ecclesie
1110 504 1312 535 manifestam
1344 505 1505 542 iniuriam,
1537 506 1744 546 plurimorum
1776 518 1866 537 scau—

217 556 325 587 dalum
350 567 386 587 ac
411 567 466 587 sue
491 557 689 597 aliorumque
714 557 885 586 multorum
909 557 1086 586 animarum
1111 556 1290 596 periculum
1314 557 1496 596 ingerebat,
1525 557 1667 587 diversos
1699 568 1866 598 processus

218 607 352 638 fecimus
375 609 479 639 varias
505 619 602 649 penas
627 611 659 638 et
682 608 856 638 sententias
881 608 1079 638 continentes
1104 618 1140 637 ae
1164 608 1292 647 insuper
1309 607 1455 638 omnibus
1478 612 1510 638 et
1527 608 1658 648 singulis
1675 610 1866 645 civitatibus,

220 659 508 695 communitatibus,
535 658 792 690 universitatibus
817 662 848 688 et
866 659 1009 698 personis
1031 658 1253 698 singularibus,
1279 659 1493 699 cuiuscunque
1519 660 1739 700 preminentie„
1766 661 1867 701 digni-

218 711 308 749 tatis,
333 715 433 742 status
458 711 507 742 vel
532 710 727 741 condicionis
752 710 941 747 existerent,
973 710 1003 739 in
1028 710 1143 739 virtute
1169 713 1277 740 sancte
1303 710 1485 740 obedientie
1511 714 1542 740 ct
1566 711 1622 741 sub
1647 713 1865 742 excommuni-

219 763 352 792 cationis
385 763 415 792 in
451 762 626 802 singulares
662 771 813 802 personas
848 764 879 790 et
911 760 1070 790 interdicti
1102 761 1130 790 iu
1165 762 1327 795 civitatesq
1365 766 1464 791 terras
1497 766 1529 792 et
1561 763 1631 792 loca
1662 764 1803 803 ipsorum
1835 768 1868 794 et

218 814 463 843 communitates
487 823 523 843 ac
547 813 770 843 universitates
796 811 956 851 predictas
980 812 1084 852 penis,
1117 822 1195 852 quas
1223 811 1309 849 illas,
1341 812 1364 841 si
1391 816 1500 842 contra
1525 813 1680 849 facerent,
1705 815 1866 845 incurrere

218 864 374 894 voluimus
399 875 436 895 eo
461 865 544 905 ipso,
569 864 762 894 iniunximus
787 866 818 893 et
842 862 990 893 duximus
1015 862 1186 892 districtius
1212 862 1436 901 inhibendum,
1462 874 1500 894 ue
1525 865 1668 904 predicto
1694 865 1865 897 Lodowico

218 916 248 945 in
273 916 435 956 premissis
458 916 508 946 vel
533 916 615 945 cirea
640 925 679 945 ea
704 919 856 954 tanquam
880 914 948 953 regi
973 924 1030 944 seu
1054 914 1083 943 iu
1109 924 1219 954 regem
1238 913 1456 944 Romanorum
1483 914 1595 951 electo,
1622 916 1679 945 nisi
1704 917 1729 946 si
1747 920 1866 948 etcum

219 967 398 997 huiusmodi
428 967 495 997 eius
524 967 713 997 electionem
742 965 867 995 admitti
899 970 930 995 et
955 975 1124 1005 personam
1150 975 1239 995 suam
1271 976 1327 1005 per
1352 966 1469 996 dictam
1495 966 1673 996 Romanam
1699 969 1866 999 ecclesiam

217 1017 389 1058 approbari
414 1022 446 1048 et
469 1018 595 1048 admitti
619 1019 827 1057 contingeret,
852 1020 1002 1056 parerent
1026 1016 1075 1046 vel
1100 1016 1303 1046 intenderent
1320 1023 1374 1046 aut
1398 1017 1591 1047 adhererent
1610 1028 1665 1048 seu
1688 1023 1868 1058 prestarent

219 1080 276 1110 per
298 1080 331 1099 se
356 1070 405 1099 vel
430 1070 525 1100 alium
551 1080 607 1099 seu
632 1069 711 1099 alios
735 1068 896 1107 auxilium,
921 1068 1087 1098 consilium
1113 1068 1162 1098 vel
1187 1068 1329 1098 favorem
1360 1068 1484 1108 publice
1513 1068 1563 1098 vel
1593 1069 1732 1107 occulte,
1759 1070 1866 1101 decla-

218 1121 356 1151 ravimus
380 1121 524 1152 civitates
549 1120 712 1151 videlicet.
738 1120 983 1150 communitates
1008 1122 1039 1148 et
1064 1120 1288 1150 universitates
1313 1119 1487 1155 interdicti,
1513 1120 1690 1160 singulares
1715 1132 1867 1161 personas

218 1171 378 1212 predictas
407 1171 744 1202 excommunicationis
769 1171 934 1201 sententiis
959 1170 1125 1200 subiacere
1157 1176 1188 1200 et
1218 1170 1398 1200 huiusmodi
1430 1181 1598 1210 processus
1632 1175 1663 1201 et
1694 1174 1868 1203 sententias

219 1227 340 1253 nostras
365 1222 583 1253 mandavimus
613 1233 670 1262 per
700 1222 822 1251 litteras
847 1226 969 1251 nostras
998 1221 1053 1251 tibi
1090 1229 1119 1250 et
1153 1222 1223 1251 aliis
1248 1222 1503 1261 metropolitanis
1534 1234 1570 1252 ac
1601 1223 1660 1252 tuis
1693 1226 1724 1253 et
1758 1235 1866 1254 eorum

218 1274 425 1314 suffraganeis
449 1273 573 1304 illarum
599 1274 735 1313 partium
761 1273 898 1303 directas
923 1273 1109 1303 solemniter
1134 1272 1299 1313 publicari.
1336 1272 1456 1302 Rursus
1473 1275 1712 1304 conversionem
1732 1285 1867 1314 pecean-

218 1326 305 1359 tiunn
330 1335 462 1365 quorum
487 1325 621 1355 salutem
647 1325 817 1365 querimus,
843 1325 1031 1355 affectantes
1057 1324 1112 1354 tihi
1145 1328 1176 1354 et
1201 1325 1271 1354 aliis
1297 1325 1552 1364 metropolitanis
1582 1336 1706 1364 eorum,
1743 1328 1794 1367 qui
1827 1327 1867 1357 ab

219 1376 399 1407 huiusmodi
415 1376 600 1411 adhesione,
626 1375 820 1415 obedientia,
846 1376 987 1413 consilio,
1012 1376 1131 1406 auxilio
1158 1380 1188 1405 et
1206 1375 1314 1406 favore
1333 1376 1454 1406 resilire
1481 1387 1517 1407 ae
1536 1378 1722 1417 r‹‘·sipiscere
1741 1379 1867 1418 penitus

174 1440 193 1457 ι)ι
218 1432 249 1457 et
272 1427 312 1457 ad
336 1428 491 1467 gremium
517 1431 548 1457 et
572 1426 723 1457 mandata
748 1431 856 1457 sancte
883 1428 991 1457 matris
1016 1427 1150 1457 ecclesie
1176 1438 1247 1457 eum
1273 1427 1388 1458 effectu
1419 1432 1451 1458 et
1475 1429 1541 1457 sine
1566 1429 1717 1469 cuiusque
1742 1429 1867 1459 fixionis

216 1478 373 1508 velamine
396 1478 500 1508 redire
519 1478 646 1510 vellent.
672 1489 732 1508 nou
759 1479 890 1519 parituri
915 1478 965 1509 vel
990 1478 1137 1508 :idhesuri
1164 1478 1268 1508 cidem
1290 1479 1459 1509 liodoxrieo
1486 1480 1615 1509 ulterius
1641 1481 1668 1509 in
1696 1481 1866 1520 premissis.

216 1529 401 1559 absolvendi
433 1540 488 1559 eos
517 1530 597 1560 infra
621 1531 697 1559 certi
724 1531 877 1570 temporis
901 1531 1039 1570 spatium
1065 1531 1127 1560 iam
1153 1530 1297 1570 elapsum
1323 1542 1340 1560 a
1366 1532 1551 1560 memoratis
1575 1532 1755 1564 sententiis.
1788 1543 1867 1572 quas

216 1581 301 1620 ipsos
326 1580 571 1613 declaravimus.
607 1584 640 1611 ut
665 1581 852 1621 predicitur.
885 1582 1062 1614 incurrisse,
1095 1586 1225 1622 recepta
1251 1582 1335 1622 prius
1360 1582 1400 1611 ab
1426 1583 1471 1612 eis
1496 1582 1709 1612 resilientibus
1734 1588 1765 1613 et
1790 1584 1866 1613 resi-

216 1631 411 1672 piscentibus
437 1633 587 1662 iuratoria
611 1633 757 1663 cautione
783 1632 822 1662 (lo
847 1633 978 1663 ulterius
1003 1645 1063 1663 non
1091 1634 1232 1673 parendo
1258 1641 1366 1664 eontra
1393 1634 1524 1664 eosdem
1551 1645 1716 1674 [necessus
1740 1640 1772 1665 et
1795 1647 1865 1666 seu-

217 1683 341 1716 tentias,
367 1693 446 1723 quas
469 1683 707 1725 incurrisselult.
734 1685 858 1724 prefato
887 1685 1055 1715 hodowiffl·
1083 1685 1131 1715 vel
1157 1685 1329 1725 prestando
1356 1686 1382 1714 ei
1409 1696 1505 1726 super
1530 1685 1679 1725 predictis
1703 1687 1867 1717 auxilium.

215 1734 382 1764 consilium
407 1735 456 1764 vel
482 1736 639 1769 favorem,
670 1735 796 1775 plenam
822 1737 1036 1766 concessimus
1062 1737 1264 1770 facultatem,
1298 1744 1389 1776 prout
1415 1738 1443 1767 in
1471 1738 1672 1776 processibus
1701 1742 1732 1768 et
1757 1739 1869 1768 litteris

216 1786 349 1825 prefatis
383 1787 531 1816 seriosius
567 1787 761 1817 continetur.
804 1792 899 1827 tuque
936 1787 1037 1818 dictos
1074 1799 1241 1828 processus
1276 1792 1308 1818 et
1344 1791 1494 1818 contenta
1531 1790 1560 1818 in
1598 1789 1718 1819 eisdem
1756 1789 1867 1819 litteris

216 1836 378 1877 publicare
404 1837 576 1867 solenniter
601 1839 764 1876 curavisti,
797 1843 891 1878 prout
921 1846 973 1869 tua
1000 1839 1089 1869 nohis
1114 1840 1284 1870 insinuatio
1311 1841 1463 1879 patefecit
1479 1841 1498 1869 ¹.
1542 1840 1579 1870 Et
1604 1841 1677 1881 quia
1702 1842 1868 1871 nonnullas

216 1898 368 1928 personas
403 1896 433 1918 et
464 1888 530 1918 loca
562 1892 614 1919 tue
640 1889 751 1919 ditioni
776 1890 920 1920 subiecta
946 1892 1099 1931 reputasti
1125 1898 1234 1921 eontra
1265 1902 1432 1931 processus
1465 1896 1496 1921 et
1528 1892 1703 1922 sententias
1736 1892 1866 1922 eosdem

217 1939 300 1969 dicto
326 1939 498 1969 Lodowico
524 1940 687 1970 adhesissc
713 1952 748 1971 ae
774 1941 870 1971 etiam
896 1941 1066 1975 adherere,
1099 1947 1145 1974 tu.
1176 1947 1267 1982 prout
1293 1953 1332 1972 ex
1359 1944 1457 1973 forma
1486 1943 1661 1973 litterarum
1688 1943 1865 1973 huiusmodi

216 1991 272 2020 tibi
291 1990 483 2021 directarum
502 1994 639 2031 poteras.
665 1991 789 2032 publice
809 1994 943 2023 nuntiari
963 1993 1120 2023 mandasti
1140 1999 1170 2023 ct
1188 1993 1289 2023 fecisti
1310 2005 1462 2033 personas
1480 1995 1564 2034 ipsas
1583 1999 1655 2024 tune
1681 1995 1865 2024 nominatim

217 2052 385 2082 expressas
404 2044 742 2073 excommunicationis
759 2054 795 2074 ac
814 2044 882 2074 loca
898 2044 1076 2075 huiusmodi
1095 2048 1127 2074 et
1140 2045 1324 2085 specialiter
1337 2045 1500 2075 civitatem
1516 2045 1866 2085 Magdelnirgeiitseiii).

214 2093 439 2131 Hallen(sem),
465 2093 584 2123 Calvcu
601 2098 698 2133 sem),
725 2095 764 2126 de
790 2095 939 2135 Burboye
966 2100 997 2126 ct
1022 2095 1061 2126 de
1087 2096 1254 2136 Itoscborg
1278 2100 1450 2137 ceteraque
1479 2097 1542 2126 alia
1576 2096 1672 2136 opida
1703 2101 1734 2126 et
1765 2102 1867 2127 (astra

217 2149 269 2175 tue
294 2144 457 2183 diedesisi
483 2145 642 2175 interdicti
670 2147 835 2176 sententiis
860 2148 1035 2177 subiacere.
1127 2149 1169 2185 (2)
1200 2147 1320 2177 Verum
1351 2148 1438 2187 quia.
1473 2149 1552 2177 sieut
1586 2159 1622 2178 ex
1656 2148 1866 2178 insinuatione

216 2195 360 2236 predicta
384 2197 595 2237 percepimus⁷
621 2197 802 2228 huiusmodi
828 2209 962 2238 persone
988 2199 1174 2238 singularesq
1201 2210 1278 2239 quas
1303 2200 1610 2233 excommunicatas,
1636 2209 1757 2229 necnon
1783 2200 1867 2229 ‹licte

217 2248 353 2278 civitatis
377 2258 413 2278 ac
438 2249 731 2288 prenominatorum
756 2254 788 2279 et
812 2250 945 2280 aliorum
971 2250 1139 2290 opidorum
1165 2254 1196 2280 et
1221 2258 1407 2281 castrorum.
1433 2261 1493 2290 que
1519 2250 1687 2280 interdicta
1710 2251 1865 2280 mandasti

217 2304 248 2328 et
273 2299 373 2329 fecisti
404 2302 436 2329 ut
460 2300 654 2339 premittitur
678 2301 828 2333 nuntiari,
860 2302 1084 2331 universitates
1112 2312 1220 2331 coram
1252 2306 1281 2331 te
1312 2306 1383 2342 post
1412 2301 1594 2332 huiusmodi
1624 2302 1761 2342 spatium
1792 2313 1864 2342 pro-

216 2360 338 2389 ponere
367 2355 558 2380 curaverunt
588 2361 620 2381 se
651 2351 811 2391 predictas
840 2353 1014 2382 sententias
1042 2353 1171 2383 minime
1202 2354 1386 2386 iucurrisse.
1418 2364 1473 2393 pro
1499 2363 1536 2383 eo
1563 2353 1647 2393 quod
1672 2353 1730 2393 ipsi
1755 2357 1864 2383 contra

217 2411 383 2440 processus
408 2404 440 2431 et
463 2402 637 2431 sententias
662 2402 804 2442 prefatos
829 2403 933 2433 eidem
958 2404 1130 2434 Lodowico
1156 2405 1284 2434 minime
1309 2404 1502 2434 adheserant
1527 2415 1583 2434 nec
1609 2405 1705 2434 etiam
1730 2404 1864 2434 adhere-

217 2452 301 2486 bant*
334 2452 504 2482 offerentes
529 2464 562 2482 se
587 2463 682 2493 super
706 2453 765 2484 hoe
791 2465 927 2495 purgare
952 2465 1008 2485 seu
1032 2455 1171 2495 ipsorum
1198 2456 1411 2485 innocentiam
1438 2455 1605 2485 ostendere
1631 2455 1720 2485 iuxta
1744 2466 1863 2485 morem

217 2503 298 2533 illius
323 2503 424 2543 patric
449 2514 506 2543 per
529 2505 657 2544 propria
682 2505 869 2539 iuramenta,
895 2506 986 2536 uobis
1010 2505 1170 2536 humiliter
1195 2506 1390 2546 supplicasti,
1416 2514 1449 2536 ut
1466 2506 1590 2536 illorum
1609 2507 1703 2536 statui
1723 2510 1754 2535 et
1771 2506 1863 2535 saluti

216 2554 384 2594 providere
410 2554 586 2585 clementer
610 2559 642 2585 et
666 2556 915 2586 misericorditer
940 2557 1152 2597 dignaremur.
1192 2557 1258 2587 Nos
1284 2558 1379 2597 igitur
1403 2562 1587 2588 cunctorum
1612 2557 1861 2586 christicolarum

216 2606 477 2646 tranquillitatem
504 2610 535 2636 et
559 2605 694 2636 salutem
719 2608 821 2647 plenis
846 2608 1012 2639 desideriis
1036 2608 1225 2639 affectantes
1247 2609 1448 2645 ‹=tv01011tes‚
1474 2613 1508 2639 ut
1531 2619 1595 2646 cos,
1622 2609 1673 2648 qui
1692 2609 1864 2638 consistunt

216 2657 245 2686 in
271 2657 333 2687 fide
358 2667 394 2687 ac
419 2657 589 2688 devotione
612 2658 710 2698 ipsius
734 2658 880 2690 Romane
905 2664 1024 2700 tueque
1049 2660 1265 2690 ecclesiarum.
1291 2660 1457 2689 confirmes
1483 2663 1514 2689 et
1538 2659 1724 2688 ‹31‘11'r0bores
1749 2660 1776 2688 in
1803 2658 1861 2687 eis-

321 2726 345 2756 1)
366 2725 453 2757 Supra
473 2728 531 2750 tout.
552 2725 576 2749 V
592 2733 632 2750 ην.
646 2729 700 2751 «ἳῗῖ.
720 2729 777 2751 δῆθ’.

319 2784 356 2802 LL.
370 2784 580 2801 (JONSTITUUONES
596 2785 632 2802 v1.
1643 2776 1658 2800 ‘2
