2205 3025
128 719 151 737 10

128 978 151 996 15

126 1354 151 1373 '20

129 1610 154 1628 25

127 1865 154 1883 30

128 2120 153 2139 35

128 2379 156 2397 40

575 160 670 187 ACTA
692 159 802 186 REGNI
824 160 1006 186 LL'DEWICI
1026 160 1073 186 IV.
1111 161 1185 188 13:30.
1222 161 1342 187 Nnfflo.
1361 161 1419 187 871.
1764 164 1824 192 725

171 248 301 278 sationis
330 250 362 278 et
393 258 453 277 non
485 247 581 277 misso
613 247 718 287 priore
748 246 891 287 predicto
920 250 973 277 tua
1003 246 1152 277 nobilitas
1183 251 1362 278 excusatos.
1408 248 1562 278 Miramur
1586 248 1714 288 insuper
1738 247 1823 288 quod

170 308 266 338 super
290 298 495 339 responsione
522 302 628 328 nostra
653 308 749 338 super
776 297 858 328 facto
883 297 1021 328 Bavari¹
1046 297 1089 327 nil
1114 301 1167 328 tua
1197 298 1397 338 providentia
1422 299 1549 329 duxerit
1573 299 1823 329 rescribendum.

170 349 333 380 Premissa
357 353 464 380 autem
489 350 520 379 in
544 350 658 379 nostris
682 349 797 380 litteris
821 349 904 381 aliis,
937 359 1014 389 quas
1037 359 1100 379 una
1124 359 1194 380 eum
1220 350 1286 380 istis
1311 349 1500 381 excellentie
1525 351 1613 391 regie
1637 350 1822 386 mittimus'2,

170 401 294 441 plenius
323 401 441 441 poteris
474 401 598 431 intueri.
651 400 715 430 Pro
748 403 801 430 tuo
831 403 939 431 autem
970 401 1086 431 dilecte
1117 401 1161 431 fili
1193 405 1225 432 et
1253 402 1387 432 ecclesie
1419 401 1564 432 obtamus
1592 401 1761 432 commodo
1791 405 1823 431 et

170 451 305 490 honore⁷
338 454 372 482 ut
403 462 498 492 quam
528 452 579 492 pie
604 462 720 492 sponsa
744 451 862 482 Christi
886 462 957 482 cum
982 452 1088 483 inclite
1114 453 1343 483 recordationis
1367 453 1527 493 germanis
1551 453 1624 491 tuis,
1654 453 1823 493 presertim

170 513 241 533 cum
263 502 436 533 Frederico
461 513 495 533 se
519 503 670 543 gesserit,
703 506 814 533 contra
837 513 943 543 quem,
975 503 1048 534 licet
1072 514 1128 534 nos
1154 507 1186 534 et
1210 504 1379 535 ecclesiam
1403 505 1504 544 ipsam
1530 504 1724 537 offendisset,
1749 514 1822 544 pro-

170 553 303 592 cedere,
335 564 529 594 quamquam
558 554 787 594 potuissemus,
821 554 1001 585 distulimus
1030 565 1066 585 ac
1102 555 1161 585 sibi
1189 556 1434 596 compatientes,
1470 555 1545 585 dum
1581 555 1778 585 detineretur
1805 565 1823 585 a

170 605 311 642 Bavaro,
336 604 537 637 indulsimus,
572 615 632 645 que
657 615 675 635 a
700 605 791 635 nobis
814 615 871 645 pro
896 605 998 636 salute
1023 616 1078 636 sue
1103 607 1208 637 anime
1234 607 1420 646 postulavit,
1449 606 1641 647 qualemque
1666 605 1823 647 rependas

171 656 435 695 vicissitudinem,
467 655 606 686 deducas
630 657 660 685 in
693 656 879 686 consistorio
905 657 1035 686 rationis
1064 661 1096 687 et
1125 661 1160 687 ut
1188 661 1241 687 tue
1269 658 1362 688 saluti
1392 657 1561 697 provideas
1589 660 1706 698 tueque
1737 658 1822 688 fame

172 708 319 738 consulas
336 707 561 748 consultusque
581 707 739 748 periculis
759 717 820 747 que
839 707 896 737 tibi
912 708 1113 748 posterisque
1131 709 1192 738 tuis
1206 712 1337 749 propter
1349 709 1413 747 illa,
1432 718 1493 749 que
1508 709 1538 739 in
1552 708 1692 739 favorem
1708 709 1824 739 Bavari

171 759 210 789 de
230 759 362 789 diversis
380 758 546 789 heresibus
564 758 791 799 condempnati
808 758 868 788 hiis
886 759 999 789 diebus
1017 760 1122 800 egisse
1147 761 1296 793 nosceris,
1314 764 1444 800 possent
1459 760 1558 801 sequi,
1583 770 1645 790 non
1662 761 1822 790 ommittas

171 820 338 840 occurrere
360 813 392 840 et
419 820 480 850 que
499 809 677 850 improvide
702 813 795 850 gesta
819 814 899 844 sunt,
925 811 1101 841 reformare
1126 812 1156 841 in
1174 811 1296 847 melius,
1320 815 1453 851 paterno
1478 822 1627 852 rogamus
1651 812 1768 842 affectu
1792 814 1824 841 et

174 862 259 891 omni
286 871 349 902 quo
374 872 543 902 possumus
573 860 677 891 studio
701 861 881 891 invitamus,
928 861 1069 892 Sciturus
1094 862 1179 902 quod
1204 861 1319 893 Christi
1345 866 1377 893 et
1401 863 1536 893 ecclesie
1564 866 1665 893 status
1689 872 1725 892 ac
1749 862 1823 892 fidei

171 922 348 953 eorumque
384 913 521 953 negocia
555 922 593 942 ea
629 916 700 942 sunt
734 912 919 942 indivisibili
955 913 1071 943 unione
1101 915 1281 945 coniuncta.
1321 918 1354 944 ut
1386 914 1466 944 alter
1498 913 1645 944 honorari
1682 917 1822 954 nequeat

171 964 301 1005 reliquis
333 974 389 994 seu
415 964 537 1004 reliquo
562 974 622 994 non
648 963 765 994 habitis
789 974 844 994 seu
869 975 930 993 non
956 964 1063 994 habito
1088 965 1118 994 in
1144 965 1273 995 honore.

278 1015 397 1046 Datum
422 1015 478 1045 VI.
497 1015 568 1045 Kal.
588 1014 746 1054 Octobris,
771 1026 853 1045 anno
878 1015 949 1045 XV,

424 1138 510 1173 871.
558 1138 715 1172 Litterae
744 1139 789 1171 ad
819 1150 924 1181 regum
955 1137 1137 1172 [fulanam
1164 1138 1302 1173 alternas.
1409 1138 1499 1183 Szpl.
1521 1141 1578 1172 96.

285 1213 381 1251 Copia
407 1214 457 1251 (c.)
485 1212 593 1242 ibidem
622 1215 691 1242 tam.
711 1213 773 1242 116
796 1213 850 1250 sol.
870 1214 908 1242 71
934 1222 984 1244 ην.
1000 1215 1072 1243 5:36,
1115 1213 1310 1243 Conlult'wus
1326 1222 1389 1243 vos.
1416 1231 1455 1234 —
1480 1212 1538 1242 Ed.
1557 1212 1737 1243 ›Saum-mna
1760 1212 1779 1242 l.
1797 1222 1822 1242 c.

172 1264 220 1301 ΙῙ,
237 1266 301 1294 366
324 1274 373 1295 ην.
392 1265 475 1293 1!th
498 1274 535 1294 ezr
559 1275 584 1295 e.

280 1341 394 1372 Eidem
418 1342 496 1382 regi.

280 1393 315 1423 In
351 1393 464 1423 litteris
497 1394 592 1433 regiis
629 1392 718 1423 nobis
750 1403 806 1433 per
835 1393 1020 1431 magistrum
1055 1392 1093 1422 G.
1116 1392 1284 1433 Pilnjehon
1316 1393 1463 1421 nuncium
1500 1392 1621 1429 regium
1653 1391 1823 1420 novissime

172 1444 384 1485 presentatis³
414 1456 474 1475 non
500 1444 622 1485 absque
651 1444 864 1474 admiratione
894 1445 1048 1474 contineri
1078 1443 1226 1483 vidnnus,
1256 1454 1312 1473 nos
1341 1453 1436 1483 snper
1460 1443 1660 1472 matrimonio
1689 1446 1824 1472 tractato

173 1497 255 1526 inter
278 1501 365 1526 tuam
390 1496 487 1526 filiam
513 1500 544 1526 et
569 1496 710 1525 inclitum
737 1496 911 1536 principem
938 1498 1091 1526 Ottonem
1116 1495 1229 1525 ducem
1247 1495 1376 1525 Austrie
1401 1494 1612 1534 dispensasse.
1647 1493 1717 1523 Hoc
1742 1494 1824 1523 enim

173 1547 217 1577 fili
246 1547 419 1577 secundum
451 1548 619 1577 veritatem
651 1558 710 1577 non
742 1548 890 1579 fecimus,
925 1547 981 1577 sed
1012 1557 1121 1577 verum
1151 1550 1199 1576 est
1232 1545 1316 1586 quod
1345 1549 1561 1586 supponentes
1590 1549 1620 1575 te
1647 1545 1824 1585 ducemque

175 1598 354 1639 predictum
384 1598 516 1629 devotos
548 1599 687 1629 existere
715 1598 797 1628 filios
830 1609 944 1639 sponse
970 1598 1085 1628 Christi
1117 1598 1376 1628 ordinaveramus
1405 1597 1604 1627 committere
1634 1597 1727 1626 certis
1757 1596 1823 1636 epi-

172 1651 290 1690 scopie,
322 1654 356 1680 ut
392 1649 512 1691 [super]
548 1650 650 1680 causis
681 1650 807 1680 insertis
838 1651 868 1679 in
901 1650 1135 1689 supplicatione
1166 1648 1255 1678 nobis
1287 1648 1395 1678 oblata
1426 1658 1522 1688 super
1552 1647 1629 1677 hoc-³
1660 1657 1693 1677 se
1726 1646 1824 1677 debe-

171 1704 226 1731 ant
256 1701 381 1741 plenius
416 1702 587 1731 informare
622 1706 654 1731 et
685 1702 709 1730 si
742 1711 796 1731 eas
830 1701 1009 1741 reperirent
1039 1711 1194 1730 consonas
1225 1700 1349 1730 veritati
1384 1705 1415 1729 et
1448 1710 1518 1729 eam
1549 1699 1627 1729 alias
1660 1698 1824 1739 expedire,

174 1756 306 1793 possent
342 1752 520 1792 procedere
552 1753 593 1782 ad
625 1752 897 1793 dispensationem
929 1751 1111 1782 huiusmodi
1141 1751 1338 1784 faciendam,
1368 1750 1519 1790 illamque
1550 1761 1607 1790 per
1638 1750 1689 1779 dil.
1725 1749 1823 1781 fil...

172 1804 311 1844 priorem
336 1803 601 1843 Tholosantum)¹'
626 1813 895 1844 proposueramus
927 1804 1054 1833 mittere
1086 1808 1116 1833 et
1141 1813 1213 1833 eum
1238 1802 1278 1833 ad
1303 1809 1389 1832 tuam
1419 1805 1450 1831 et
1479 1801 1554 1831 dicti
1582 1801 1668 1831 ducis
1693 1810 1823 1840 presen-

174 1856 250 1885 tiam
283 1865 338 1895 pro
370 1855 464 1885 certis
493 1855 563 1885 aliis
591 1855 733 1895 negociis
762 1865 819 1884 nos
848 1858 879 1884 et
910 1865 965 1884 vos
995 1854 1198 1894 tangentibus
1227 1854 1397 1883 destinare.
1443 1852 1526 1883 Sane
1551 1853 1625 1893 quia
1652 1857 1824 1892 antequam

175 1907 276 1937 dictus
306 1906 392 1946 prior
422 1907 482 1935 iter
511 1916 600 1936 suum
634 1906 801 1947 arriperet,
835 1909 1088 1945 supervenerunt
1116 1906 1221 1935 littere
1250 1906 1350 1941 varie,
1380 1904 1465 1945 quod
1489 1907 1520 1933 te
1551 1906 1754 1944 prtmurante,
1782 1903 1825 1932 fili

176 1958 339 1988 carissime
356 1967 414 1987 rex
438 1956 593 1997 predicte,
618 1956 720 1987 dictus
745 1957 809 1987 dux
834 1967 904 1987 cum
928 1957 1053 1987 Bavaro
1079 1957 1174 1987 armis
1197 1957 1348 1997 proiectis
1372 1966 1484 1996 pacem
1510 1954 1630 1985 fecerat
1654 1965 1752 1994 seque
1769 1965 1825 1994 pro

174 2012 261 2039 certa
285 2019 410 2038 summa
441 2009 591 2048 pecunie,
620 2019 677 2048 pro
702 2019 764 2049 qua
788 2008 847 2038 sibi
872 2011 959 2038 certa
987 2008 1166 2048 imperialia
1192 2011 1295 2039 castra
1319 2007 1358 2037 de
1384 2007 1483 2043 facto,
1513 2016 1584 2036 cum
1609 2005 1647 2036 de
1673 2005 1740 2035 iure
1765 2015 1827 2035 non

173 2064 295 2101 posset,
333 2060 550 2100 obligaverat,
580 2060 669 2090 eius0
700 2059 942 2100 stipendiarium
973 2060 1180 2090 constituerat
1208 2069 1364 2099 suumque
1393 2068 1463 2088 eum
1492 2061 1558 2087 toto
1588 2067 1680 2097 posse
1711 2067 1767 2087 suo
1796 2057 1825 2086 in

174 2112 345 2142 Alamania
363 2110 515 2142 auxilium
534 2110 639 2141 eidem
665 2112 855 2151 promiserat
879 2111 1035 2152 impertiri
1053 2109 1113 2151 [ac]
1131 2111 1161 2141 in
1186 2111 1313 2140 instanti
1338 2110 1418 2140 festo
1444 2109 1671 2150 purificationis
1688 2107 1824 2138 Domine

176 2166 285 2193 nostre
310 2162 497 2203 homagium
522 2166 556 2192 ut
579 2163 648 2202 regi
673 2166 705 2193 et
728 2163 916 2203 imperatori
941 2163 1116 2192 solenniter
1146 2161 1315 2192 exhibere.
1348 2162 1448 2191 visum
1478 2164 1526 2191 est
1550 2160 1640 2190 nobis
1665 2163 1695 2190 et
1720 2162 1826 2189 nostro

174 2214 316 2251 consilio,
341 2213 426 2254 quod
451 2224 509 2244 nec
534 2214 714 2244 commissio
740 2224 836 2254 super
860 2213 1098 2254 dispensatione
1125 2213 1267 2253 predicta
1291 2213 1331 2243 ad
1356 2222 1486 2252 presens
1510 2212 1601 2241 fieret
1624 2221 1682 2241 nec
1707 2210 1747 2240 ad
1772 2220 1826 2240 vos

177 2266 264 2306 prior
288 2265 450 2305 predictus
481 2264 633 2295 destinari
663 2265 810 2298 deberet,
843 2276 913 2295 cum
943 2265 1011 2301 illa,
1042 2268 1173 2305 propter
1201 2274 1261 2305 que
1293 2265 1394 2304 ipsum
1421 2262 1665 2293 intendebamus
1688 2263 1825 2295 mittere,

177 2317 305 2357 assequi
334 2320 497 2357 speratum
527 2316 676 2347 effectum
708 2327 769 2347 non
802 2320 941 2357 possent.
991 2316 1136 2356 Ideoque
1166 2315 1283 2346 habeat
1312 2325 1369 2345 nos
1397 2325 1493 2355 super
1527 2321 1675 2354 utroque,
1705 2312 1827 2343 scilicet

177 2368 400 2398 commissione
426 2367 672 2408 dispensationis
697 2372 728 2398 et
756 2379 817 2398 non
845 2368 940 2398 misso
965 2367 1108 2408 predicto
1137 2367 1241 2407 priore
1266 2367 1355 2407 regia
1383 2365 1624 2405 circumspectio
1648 2368 1827 2395 excusatos.

175 2419 329 2449 Miramur
352 2419 483 2459 insuper
506 2419 592 2459 quod
616 2429 712 2459 super
736 2420 943 2460 responsione
968 2422 1075 2449 nostra
1099 2428 1195 2458 super
1218 2418 1303 2448 facto
1327 2417 1465 2447 Bavari¹
1490 2417 1531 2446 nil
1557 2415 1712 2446 celsitudo
1738 2415 1826 2454 regia

175 2469 266 2500 nobis
291 2470 417 2500 duxerit
442 2470 691 2501 rescribendum.
730 2471 891 2501 Premis-sa
916 2474 1023 2500 autem
1049 2471 1078 2499 in
1103 2470 1218 2500 nostris
1242 2469 1356 2499 litteris
1380 2469 1460 2507 aliis,
1485 2478 1563 2508 quas
1586 2478 1647 2497 una
1673 2476 1743 2497 cum
1762 2466 1826 2495 istis

176 2520 372 2551 excellencie
404 2522 492 2561 regie
524 2522 709 2559 mittimus&
739 2522 863 2561 plenius
893 2521 1010 2561 poterit
1039 2521 1164 2551 intueri.
1216 2520 1280 2551 Pro
1310 2523 1364 2550 tuo
1394 2523 1500 2549 autem
1530 2518 1573 2548 fili
1601 2517 1761 2548 carissime
1795 2519 1827 2546 et

177 2572 314 2602 ecclesie
339 2572 486 2602 obtamus
511 2572 680 2603 commodo
705 2576 737 2603 et
760 2572 891 2605 honore,
916 2576 950 2602 ut
974 2582 1068 2612 quam
1094 2572 1144 2612 pie
1169 2582 1285 2612 sponsa
1310 2571 1425 2601 Christi
1451 2580 1520 2600 cum
1545 2569 1688 2609 genitore
1714 2571 1766 2597 tuo
1791 2576 1826 2596 ac

132 2634 159 2652 45
180 2626 284 2653 tecum
302 2634 335 2654 se
360 2624 496 2663 gesserit
520 2623 713 2664 qualemque
739 2623 798 2653 sibi
822 2623 979 2663 rependas
1004 2622 1264 2654 vicissitudinem.
1290 2621 1429 2652 deducas
1453 2621 1483 2650 in
1508 2619 1671 2650 consistmi
1696 2617 1825 2647 rationis

279 2707 343 2734 S's'l.
372 2709 395 2739 ³)
415 2710 540 2734 contentis
559 2709 621 2734 add.
644 2718 664 2734 c.
754 2708 778 2739 b)
797 2718 871 2740 quem
892 2709 953 2734 add.
973 2718 992 2734 c.
1082 2709 1104 2739 c)
1124 2717 1174 2740 que
1192 2709 1253 2733 add.
1274 2717 1292 2732 c.

278 2769 302 2799 1)
323 2768 411 2801 Supra
432 2776 473 2794 nr.
489 2771 545 2794 814.
635 2768 662 2799 2)
682 2768 770 2801 Supra
793 2777 832 2794 nr.
847 2772 903 2795 869.
991 2769 1018 2800 3)
1037 2767 1162 2794 Serratae
1182 2775 1235 2793 non
1257 2770 1328 2793 sunt.
1417 2768 1442 2795 4)
1464 2765 1557 2798 Supra
1576 2772 1616 2788 nr.
1631 2766 1685 2790 808.

1858 2103 1914 2122 1331.

1841 2127 1903 2147 Febr⁴
1916 2129 1935 2148 2.
