2205 3025
133 759 157 777 10

134 1041 156 1059 15

132 1301 158 1319 20

132 1557 158 1576 25

134 1814 160 1831 30

137 2071 161 2090 35

136 2329 162 2347 40

620 201 713 228 ACTA
735 200 846 227 REGNI
868 201 1051 228 LUDEWICI
1072 202 1116 228 IV.
1155 202 1229 227 12:330.
1266 201 1386 228 N1·.814.
1764 204 1824 233 687

176 288 300 329 plenius
325 287 507 318 informare.
548 287 788 328 Subsequenter
812 297 887 318 vero
911 288 991 318 alias
1015 288 1119 328 regias
1144 289 1239 319 etiam
1259 288 1439 328 recepimus
1456 287 1598 318 litteras¹
1616 288 1825 323 continentcs‚

175 339 261 380 quod
297 339 338 369 ad
368 341 509 369 nostram
547 339 740 379 presentiam
778 338 831 369 dil.
856 338 897 369 fil.
934 338 1056 369 nobiles
1088 339 1171 370 viros
1200 338 1365 370 Iofredum
1401 339 1551 369 comitem
1585 338 1624 368 de
1655 338 1826 379 Linanges,

175 390 348 431 Symonem
370 390 511 430 Philippi
536 390 680 425 militem,
705 390 913 420 Guillelmum
931 390 1074 420 Pinchon
1098 390 1357 421 archidiaconum
1375 390 1607 420 Abrincensem
1631 389 1827 420 consiliarios

175 452 212 472 ac
237 441 404 472 Nicolaum
429 441 469 472 de
493 441 632 472 Mestorf
652 442 801 472 clericum
826 441 932 482 regios
956 441 1148 472 destinabat.
1195 441 1316 477 Quibus
1340 441 1471 482 quidem
1495 442 1616 472 nunciis
1641 444 1673 471 tu
1699 444 1730 471 et
1754 451 1825 481 pre-

175 493 258 524 fatus
282 493 525 533 archiepicopus
549 493 580 522 in
604 493 677 529 hiis,
707 502 768 533 que
799 491 890 522 nobis
919 502 958 523 ex
982 484 1072 533 parte
1096 496 1202 523 vestra
1227 496 1427 533 exponerent
1450 493 1521 523 viva
1545 502 1637 527 voce,
1671 495 1825 533 tanquam

174 544 264 575 vobis
288 543 434 574 adhiberi
457 543 554 574 fidem
577 544 755 585 plenariam
780 543 925 584 petiistis.
972 545 1060 580 Quos
1084 544 1194 584 utique
1219 548 1356 584 excepto
1380 543 1464 574 dicto
1489 542 1639 584 Symone,
1663 543 1717 584 qui
1740 542 1826 574 diee-

174 595 267 625 batur
290 598 422 635 propter
445 595 659 635 egritudinem
683 594 866 635 impeditus,
890 605 953 625 una
977 605 1047 625 cum
1071 595 1188 636 prefati
1213 594 1302 626 ducis
1327 595 1453 625 Ottonis
1477 594 1618 625 nunciis2
1643 594 1825 625 considera-

173 647 261 677 tione
285 646 479 676 mittentium
504 646 642 687 benigne
667 646 853 676 admisimus
878 648 910 676 et
934 646 1112 676 audivimus
1137 646 1317 687 diligenter.

283 700 310 727 2.
347 697 470 732 Quibus
495 696 612 727 auditis
642 700 674 727 et
703 707 765 737 que
794 700 1050 737 proposuerunt³
1074 697 1246 728 crethenus
1270 699 1395 738 plenius
1419 697 1604 736 intellectis,
1638 697 1743 727 nuncii
1767 697 1827 737 ipsi

177 748 234 779 sub
258 749 427 779 commissa
451 747 510 778 sibi
536 748 704 779 credencia
728 747 854 788 prefata
877 747 1038 788 quandam
1055 748 1146 779 nobis
1164 748 1377 779 exhibuerunt
1394 748 1541 779 cedulam
1559 748 1678 779 tenoris
1703 751 1734 778 et
1751 758 1826 778 con-

175 800 308 831 tinentie
333 799 572 840 subsequentis:

282 863 363 895 ‘Ista
388 867 435 894 est
459 864 592 894 intentio
617 863 995 895 dominorum—scilicet
1020 865 1049 894 in
1075 875 1172 905 regno
1198 869 1228 896 et
1252 864 1408 905 imperio.'
1442 875 1541 903 supra,
1564 875 1612 895 ur.
1631 864 1701 894 762.

284 930 312 959 3.
348 928 415 959 Nos
445 931 552 958 autem
582 928 622 958 ad
648 928 793 968 predicta
818 932 849 958 et
875 939 913 959 ea
937 939 999 969 quc
1024 939 1135 960 eorum
1160 929 1279 959 domini
1309 930 1392 959 circa
1420 929 1473 959 illa
1502 927 1593 959 nobis
1622 928 1826 968 seripserunt,

177 980 252 1021 ipsis
279 979 377 1010 verbo
402 979 624 1020 respondimus
649 983 681 1010 et
705 990 814 1010 eorum
839 979 975 1010 dominis
1000 984 1033 1009 ut
1056 981 1199 1020 sequitur
1223 991 1280 1021 per
1303 981 1506 1021 scripturam:

284 1031 454 1062 ‘Profecto
479 1031 522 1061 fili
547 1032 621 1072 quin
647 1031 779 1061 intentio
805 1034 860 1061 tua
884 1030 1085 1071 aliorumque
1110 1031 1289 1072 principum
1314 1032 1398 1061 011011
1422 1032 1576 1072 premissa
1604 1033 1692 1061 recta
1723 1030 1827 1067 1110111,

178 1093 381 1124 nequaquam
407 1083 436 1113 in
462 1082 593 1113 dubium
620 1093 818 1113 revocamus.
872 1082 936 1112 Sed
966 1082 1079 1112 fuisset
1107 1082 1280 1113 admodum
1314 1082 1404 1112 nobis
1431 1086 1572 1122 gratum⁷
1605 1081 1689 1122 (111011
1718 1085 1750 1112 tu
1784 1081 1828 1111 fili

178 1135 341 1165 carissime
366 1138 398 1165 et
422 1134 538 1175 prefati
563 1134 723 1175 principes
739 1133 959 1164 condicionem
985 1133 1101 1174 prefati
1119 1133 1234 1163 Bavari
1260 1137 1291 1164 et
1308 1134 1484 1174 ingressum
1509 1134 1576 1164 eius
1599 1133 1640 1163 ad
1658 1133 1827 1174 imperium

176 1190 208 1217 et
232 1187 261 1216 in
286 1186 401 1217 eodem
427 1196 631 1227 progressum
657 1185 899 1216 examinassetis
923 1186 1080 1215 attencius
1106 1186 1134 1215 in
1153 1185 1338 1215 consistorio
1363 1186 1503 1215 rationis.
1549 1184 1700 1215 Profecto
1724 1185 1827 1224 ipsum

176 1238 374 1278 reperissetis
398 1238 557 1278 privatum
582 1238 660 1272 iure,
686 1238 710 1267 si
735 1237 820 1278 quod
845 1236 903 1267 sibi
929 1247 969 1267 ex
995 1236 1152 1267 electione
1178 1236 1231 1266 illa
1254 1237 1283 1266 in
1309 1236 1467 1267 discordia
1491 1236 1653 1266 celebrata
1670 1235 1829 1276 quesitum

178 1289 292 1327 fuerat,
318 1289 442 1319 iusticia
467 1289 627 1329 exigente.
674 1288 716 1319 Et
739 1289 813 1330 quia
837 1288 897 1319 hiis
920 1299 982 1318 non
1007 1292 1174 1319 contentus
1198 1287 1373 1318 Marsilium
1399 1288 1438 1317 de
1463 1286 1575 1317 Padua
1599 1291 1631 1317 et
1654 1287 1829 1317 Iohannem

177 1341 217 1372 de
242 1341 402 1377 lauduno,
434 1342 486 1381 qui
512 1341 672 1381 quendam
697 1341 811 1371 librum
837 1344 1084 1381 composuerant
1108 1340 1216 1380 plures
1239 1339 1369 1370 hereses
1394 1339 1608 1369 continentem
1637 1341 1668 1368 et
1692 1337 1733 1368 ad
1757 1347 1829 1367 eum

176 1393 263 1423 velut
280 1392 493 1423 hereticorum
518 1396 686 1433 patronum
712 1392 869 1433 fugerant,
896 1396 1043 1432 prompte
1069 1392 1213 1432 recipe-rc
1238 1395 1270 1422 ct
1294 1394 1328 1421 ut
1352 1390 1442 1421 illasb
1466 1389 1670 1431 predicarent
1693 1388 1828 1429 publice,

176 1455 300 1475 necnon
325 1447 357 1474 et
380 1444 532 1475 hereticis
556 1445 626 1474 aliis
656 1445 687 1474 in
712 1444 855 1485 partibus
879 1444 972 1474 Italic
998 1443 1124 1484 publice
1156 1454 1217 1474 non
1247 1442 1373 1473 erubuit
1406 1442 1560 1482 impertiri
1591 1441 1748 1478 favorem7
1772 1439 1831 1469 fuit

179 1495 360 1526 declaratus
388 1495 603 1526 hereticorum
633 1496 739 1526 fautor
768 1495 915 1536 publicus
944 1499 977 1526 et
1005 1496 1147 1526 notorius
1178 1498 1209 1525 ct
1239 1498 1273 1525 ut
1302 1494 1515 1524 hereticorum
1546 1493 1650 1522 fautor
1683 1492 1832 1531 exigente

176 1547 301 1578 iusticia
332 1547 594 1588 condempnatus,
655 1547 738 1577 Sane
769 1547 842 1588 quia
866 1547 988 1578 diucius
1013 1550 1205 1588 expectatus
1229 1545 1269 1576 ab
1301 1545 1361 1575 hiis
1396 1555 1456 1575 non
1485 1544 1632 1584 resipuit,
1666 1542 1723 1573 sed
1748 1542 1833 1572 velut

177 1598 404 1637 venumdatus,
429 1603 463 1629 ut
487 1598 584 1629 faciat
607 1599 758 1637 malum³‚
784 1598 900 1629 nedum
926 1599 1069 1629 favorem
1100 1597 1287 1639 impendere
1319 1597 1442 1628 curavit
1474 1595 1642 1634 hereticis,
1672 1594 1729 1624 sed
1758 1593 1834 1633 ipsis

178 1650 344 1681 heresibus
370 1650 454 1680 facto
480 1654 511 1680 et
536 1650 634 1681 verbo
660 1661 693 1681 se
718 1650 845 1691 publice
870 1661 932 1680 11011
957 1654 1005 1680 est
1029 1651 1147 1680 veritus
1171 1650 1354 1681 inmiscere,
1385 1648 1444 1677 fuit
1470 1648 1584 1677 merito
1610 1645 1835 1686 pronunciatus

178 1701 337 1732 hereticus
361 1705 393 1732 et
418 1705 452 1732 ut
476 1702 635 1732 hereticus
659 1702 810 1743 exigente
835 1702 960 1732 iusticia
984 1701 1249 1742 condempnatus,
1274 1703 1368 1740 prout
1393 1699 1451 1729 1100
1477 1699 1506 1728 111
1531 1696 1732 1738 processibus
1756 1706 1833 1737 apo-

178 1753 297 1784 stolicis
328 1753 452 1794 plenius
480 1754 714 1784 continentur4.
773 1754 822 1784 Ex
848 1753 1000 1794 predictis
1030 1753 1106 1783 satis
1131 1755 1238 1793 potest
1266 1752 1333 1782 eius
1358 1750 1506 1781 inhabilis
1531 1749 1674 1780 condicio
1705 1747 1746 1778 ad
1770 1747 1832 1777 talc

179 1805 340 1844 fastigium
365 1815 532 1846 apparere.
623 1805 736 1840 Qualis
760 1809 868 1835 autem
894 1805 1055 1845 ingressus
1079 1805 1148 1834 eius
1173 1803 1213 1834 ad
1238 1803 1407 1843 imperium
1433 1802 1537 1837 fuerit,
1563 1811 1603 1830 ex
1628 1798 1834 1840 sequentibus

180 1859 280 1896 patet,
305 1855 390 1896 quod
414 1856 485 1886 Deo
515 1856 656 1888 odibilis.
688 1857 856 1887 iniuriosus
880 1860 989 1887 sancte
1013 1856 1074 1886 Dei
1099 1855 1235 1886 ecclesie.
1265 1858 1297 1884 et
1321 1854 1361 1884 de
1391 1853 1476 1883 facto
1507 1852 1675 1882 dumtaxat
1702 1849 1832 1880 nimium

180 1907 350 1937 temerarie
368 1910 576 1948 attemptatus
593 1907 693 1949 [est]“.
727 1907 815 1939 Sicut
832 1909 916 1938 enim
933 1918 974 1938 cx
991 1907 1144 1948 predictis
1161 1907 1223 1937 iam
1242 1907 1351 1946 liquet7
1370 1904 1490 1935 clectus
1508 1903 1611 1934 fuerat
1627 1903 1658 1932 in
1675 1899 1833 1931 discordia

181 1959 389 1999 privatusque
414 1959 564 1999 exigente
589 1959 714 1990 iusticia
738 1960 820 1997 11110,
848 1960 873 1989 51
898 1959 984 2000 quod
1011 1959 1070 1989 sibi
1100 1969 1140 1989 ex
1165 1958 1322 1988 electione
1354 1956 1469 1986 eadem
1500 1956 1605 1985 fuerat
1634 1952 1832 1993 acquisitum,

180 2013 213 2040 et
235 2009 458 2040 nichilominus
483 2011 590 2041 fautor
605 2011 819 2041 hereticorum
844 2011 1026 2042 declaratus
1051 2014 1083 2041 et
1099 2010 1260 2040 hereticus
1285 2012 1317 2039 et
1340 2012 1374 2038 ut
1399 2008 1504 2038 fautor
1528 2010 1560 2037 ct
1576 2005 1737 2036 hereticus
1761 2013 1834 2033 con-

181 2060 383 2101 dempnatus.
431 2061 554 2097 Quibus
579 2073 641 2092 non
666 2062 876 2101 obstantibus,
901 2066 935 2093 ut
960 2062 1000 2092 ad
1026 2073 1063 2092 ea
1088 2072 1148 2102 que
1166 2061 1298 2102 requirit
1322 2058 1496 2100 imperialis
1514 2057 1660 2098 dignitas,
1685 2054 1835 2085 videlicet

180 2111 419 2151 iniunctionem,
444 2113 719 2143 consecrationem
746 2117 778 2143 et
802 2113 1041 2144 coronationem
1065 2115 1174 2153 posset
1190 2113 1304 2142 saltem
1330 2111 1496 2152 pervenire
1521 2109 1560 2139 de
1586 2109 1681 2145 facto,
1706 2116 1776 2136 cum
1794 2104 1833 2135 de

181 2162 248 2193 iure
266 2173 328 2193 non
346 2168 464 2204 posset,
482 2164 614 2194 Petrum
632 2164 672 2195 de
690 2164 845 2195 Cor-bario
866 2165 896 2194 in
911 2163 1027 2194 Christi
1046 2162 1264 2204 opprobriunn
1282 2161 1521 2192 subversionem
1540 2158 1696 2189 catholice
1713 2155 1787 2186 fidei
1804 2159 1835 2186 et

181 2213 326 2244 iniuriam
360 2215 461 2245 tocius
492 2219 581 2246 cetus
612 2215 760 2246 catholici
788 2216 818 2246 in
849 2216 1035 2257 antipapam
1066 2224 1230 2245 assumere
1261 2224 1323 2244 non
1353 2212 1493 2253 expavit.
1546 2211 1583 2240 In
1612 2219 1674 2250 quo
1703 2206 1833 2249 quidem

181 2265 265 2295 facto
291 2265 453 2296 confessus
478 2270 525 2297 est
549 2267 618 2308 ipso
643 2268 727 2298 facto
752 2267 839 2298 illam
865 2267 1071 2307 dampnatam
1096 2266 1244 2303 1101051111,
1270 2275 1365 2305 quam
1388 2264 1564 2294 incurrerat
1587 2264 1690 2299 antea,
1715 2258 1835 2289 scilicet

182 2316 267 2356 quod
290 2317 331 2347 ad
356 2318 583 2358 imperatorem
608 2329 726 2359 papam
751 2319 910 2359 pertineat
933 2318 1090 2348 ordinare.
1138 2318 1169 2347 A
1193 2328 1255 2357 quo
1281 2315 1408 2357 quidem
1434 2314 1531 2345 Petro
1556 2323 1589 2344 se
1614 2311 1681 2352 pati
1705 2310 1834 2350 inungi⁵

183 2378 238 2398 seu
262 2367 364 2399 fedari
388 2370 494 2409 potius
518 2380 581 2400 non
605 2369 731 2400 erubuit
755 2380 792 2400 ac
817 2380 874 2410 per
890 2369 1064 2405 Romanos,
1091 2368 1205 2409 quibus
1222 2368 1281 2398 hoc
1299 2378 1360 2397 non
1379 2366 1541 2406 competit,
1566 2364 1662 2394 etiam
1680 2361 1834 2392 coronari.

182 2417 231 2448 Ex
256 2419 370 2459 quibus
394 2423 492 2461 patet,
518 2421 620 2461 qualis
644 2422 805 2462 ingressus
830 2421 898 2452 eius
925 2420 1020 2451 fuerit
1044 2419 1084 2450 ad
1109 2420 1283 2460 imperialis
1308 2419 1469 2459 fastigium
1495 2415 1667 2456 dignitatis,
1754 2412 1833 2442 Pro-

182 2479 309 2510 gressus
333 2474 440 2502 autem
466 2472 534 2502 eius
557 2472 659 2512 qualis
684 2472 792 2508 fuerit,
823 2475 870 2502 est
896 2472 989 2512 lippis
1014 2474 1046 2501 et
1070 2470 1250 2501 tonsoribus
1274 2470 1350 2500 satis
1373 2468 1515 2505 1101111116,
1544 2467 1617 2507 quia
1642 2465 1832 2503 ubicumque

183 2520 287 2555 fuerit„
312 2522 481 2553 eeclesiam
506 2523 696 2554 catholicam
721 2527 753 2554 et
776 2523 888 2554 fideles
912 2527 960 2553 cst
983 2522 1200 2552 inmanissime
1225 2525 1258 2551 ut
1283 2520 1461 2551 membrum
1486 2518 1618 2549 sathane
1636 2518 1831 2556 persecutus7

154 2588 164 2605 5
185 2571 336 2602 ecelesias
360 2574 445 2614 ipsas
469 2575 552 2605 vasis
577 2578 608 2605 et
633 2575 829 2605 ornamentis
853 2573 1037 2615 spoliando,
1067 2573 1220 2604 ecclesias
1255 2582 1291 2602 ac
1316 2571 1428 2602 fideles
1458 2567 1680 2610 compellendo
1714 2565 1832 2595 violare

184 2623 387 2654 interdictum
413 2625 665 2656 ecclesiasticum
691 2630 722 2656 et
746 2626 948 2666 prophanare
975 2625 1094 2663 divina,
1125 2623 1291 2664 spoliando
1317 2623 1444 2662 insuper
1467 2622 1550 2650 viros
1574 2618 1746 2650 catholicos
1770 2616 1832 2644 suis

286 2708 350 2735 814.
378 2710 402 2741 ³)
422 2711 447 2734 in
466 2713 582 2743 maryine
601 2712 662 2736 add.
678 2720 697 2736 c.
787 2710 811 2742 b)
832 2711 887 2735 illos
901 2720 920 2735 c.
1009 2710 1032 2740 c)
1052 2711 1144 2735 excidit
1163 2719 1182 2734 c.

285 2769 310 2799 1)
329 2767 453 2794 Seri-atae
472 2777 524 2795 non
545 2774 617 2796 suut,
705 2771 731 2800 ⁵2)
754 2769 794 2800 Cf.
814 2777 896 2802 supra
918 2778 958 2794 ην.
975 2772 1025 2795 763.
1118 2769 1144 2799 3)
1164 2771 1186 2794 3.
1202 2768 1264 2801 Ray.
1278 2771 1314 2794 21.
1330 2771 1366 2792 25.
1454 2765 1479 2793 4)
1502 2762 1591 2794 Snl’ffl
1612 2769 1651 2784 ΗΥ·
1666 2762 1710 2785 3⁶¹
1733 2761 1755 2783 ‘fs
1775 2761 1829 2784 57⁵·

182 2809 209 2842 5)
230 2809 271 2841 Cf.
282 2811 420 2842 pontificis
440 2812 558 2838 Litteras
577 2812 753 2838 adclitfionales
774 2813 849 2843 infra
868 2821 909 2838 mn
925 2816 980 2838 872.
1069 2812 1093 2843 6)
1114 2812 1210 2837 Horat.
1232 2816 1250 2836 1.
1266 2810 1320 2836 Sat.
1338 2813 1357 2837 7,
1371 2811 1391 2833 3⁴
