2205 3025
126 719 151 738 10

128 974 151 993 15

126 1231 151 1250 20

126 1490 150 1508 25

123 1746 149 1765 30

124 2001 148 2020 35

125 2258 150 2276 40

126 2515 150 2532 45

448 165 544 192 ACTA
563 165 675 193 REGNI
695 165 879 192 LUDEWICI
898 165 945 192 IV.
966 166 1010 192 ET
1030 165 1212 193 FRIDERICI
1232 166 1280 192 111.
1319 167 1393 193 1:327.
1431 167 1477 192 ΝΥ.
1492 167 1550 193 277.
1767 172 1821 200 [93

171 263 283 283 norum
308 253 422 292 electo,
446 253 505 283 nisi
529 256 560 283 et
585 263 750 294 quousque
775 253 892 283 dictam
918 253 1108 284 electionem
1130 257 1161 284 et
1178 263 1347 293 personam
1365 253 1463 293 ipsius
1480 264 1537 293 per
1554 253 1664 284 sedem
1685 255 1821 285 eandem

172 303 346 344 approbari
370 304 570 345 contingeret
597 308 629 334 et
652 304 791 337 admitti,
820 304 852 334 in
876 304 1080 344 tangentibus
1104 305 1194 345 regni
1219 314 1274 334 seu
1298 304 1422 344 imperii
1448 305 1592 345 regimen
1617 309 1768 345 parerent
1791 307 1822 336 in

173 355 280 395 aliquo
312 365 368 386 seu
401 354 604 386 intenderent
633 355 744 395 quovis
777 355 873 386 modo
907 365 987 386 neve
1018 355 1123 386 eidem
1152 356 1235 386 circa
1270 355 1425 395 premissa
1454 355 1627 396 preberent
1657 357 1821 397 auxilium,

173 406 339 436 consilium
362 406 413 436 vel
438 406 591 436 favorem.
631 406 734 441 Quam
760 406 889 446 quiden:
914 416 1030 447 penam
1054 407 1270 447 suspensionis
1294 406 1333 437 ab
1359 406 1463 437 officio
1489 411 1520 437 et
1542 407 1699 438 beneficio
1723 410 1821 449 patri—

171 457 298 488 archas.
329 457 587 497 archiepiscopos
615 460 646 487 et
675 458 844 497 episcopos
867 460 1056 498 ceterasque
1080 468 1234 498 personas
1259 457 1492 489 ecclesiasticas
1516 459 1729 499 supradictas,
1760 470 1822 501 que

171 517 285 548 parere
308 508 441 538 forsitan
464 507 675 548 neglexerant
698 509 812 538 nostris
835 509 1077 543 monitionibus,
1106 509 1346 539 inhibitionibus
1371 512 1402 539 et
1426 511 1587 550 preceptis
1611 512 1768 542 contentis
1792 513 1822 542 in

171 558 372 599 processibus
393 558 594 599 supradietis,
619 558 722 589 eidem
741 559 932 598 Lmdovico)
951 563 1101 600 tanquam
1120 561 1187 601 regi
1205 570 1261 590 seu
1278 561 1308 590 in
1326 571 1434 600 regem
1453 560 1700 601 Roman(01·um)
1719 563 1822 593 eleeto

170 608 312 650 parendo
337 609 386 640 vel
411 608 592 640 obediendo
617 614 672 640 aut
695 610 867 650 prestando
892 622 949 651 per
972 621 1006 642 se
1032 611 1080 641 vel
1106 622 1162 651 per
1183 612 1278 642 alium
1297 622 1354 642 seu
1371 612 1451 642 alios
1467 613 1632 651 auxilium,
1657 614 1822 644 eonsilium

170 660 221 690 vel
249 660 391 690 favorem
421 660 547 701 publice
572 660 621 690 vel
650 661 789 695 occulte,
821 660 860 691 de
889 661 1045 691 dictorum
1075 662 1208 692 fratrum
1237 663 1368 693 consilio
1398 663 1630 704 subsequenter
1657 675 1714 704 per
1743 665 1823 695 alios

1851 709 1907 728 1327.

169 721 337 752 processus
361 714 432 751 post
456 711 557 741 dictos
581 714 644 741 tres
668 711 813 741 menses¹
839 715 871 742 et
894 711 1000 752 plures
1025 713 1115 751 alios,
1140 713 1289 744 videlicet
1312 714 1353 744 X.
1376 714 1448 744 Kal.
1468 715 1595 756 Aprilis,
1620 716 1822 756 pontificatus
1836 733 1940 754 Mamm.

170 763 268 793 nostri
292 773 374 793 anno
399 762 542 795 octavo2,
567 766 715 802 presente
741 762 870 803 eopiosa
894 763 1097 793 multitudine
1121 763 1263 794 fidelium
1290 765 1521 796 declaravimus
1545 767 1706 797 incurisse.
1743 767 1821 798 Eos-

171 813 244 852 dem
269 824 392 844 necnon
416 814 579 844 universos
603 814 683 844 alios
708 813 915 854 patriarchas,
940 814 1198 855 archiepiscopos
1223 818 1255 845 et
1272 817 1439 857 episcopos
1456 828 1491 847 ac
1509 818 1588 847 alias
1605 828 1824 860 quascumque

173 875 327 906 personas
344 865 577 896 ecclesiasticas
594 865 706 896 eadem
726 868 875 905 presente
893 865 1094 896 multitudine
1113 866 1242 906 copiosa
1258 867 1399 897 fidelium
1418 872 1584 899 monentes
1602 869 1825 900 nichilominus

171 920 203 947 et
228 916 349 947 eisdem
374 920 437 947 tam
463 916 521 947 sub
545 917 900 952 excommunicationis,
933 927 1028 957 quam
1055 918 1139 957 ipsos
1163 917 1256 947 dietis
1280 918 1505 948 monitionibus
1530 922 1560 949 et
1585 919 1824 951 inhibitionibus

170 978 232 998 non
249 971 398 1009 parentes
415 968 574 998 incurrere
593 968 750 998 voluimus
767 968 834 1008 ipso
853 968 947 1007 facto,
973 978 1068 1008 quam
1085 968 1142 998 sub
1161 969 1346 1008 privationis
1364 969 1564 1009 dignitatum.
1586 975 1823 1010 personatuum,

173 1018 345 1049 offitiorum
375 1023 406 1049 et
435 1019 660 1049 beneficiorum
690 1019 978 1050 ecclesiasticorum
1009 1020 1099 1060 penis
1129 1023 1160 1049 et
1184 1020 1364 1056 sententiis,
1394 1020 1434 1050 ad
1459 1031 1592 1061 quarum
1618 1022 1822 1053 inflictionem

171 1073 280 1099 contra
310 1080 371 1099 non
402 1073 551 1110 parentes
586 1080 641 1099 nos
676 1069 884 1101 infallibiliter
916 1081 1122 1111 processuros
1152 1071 1363 1111 prediximus,
1398 1076 1491 1112 prout
1524 1072 1614 1102 nobis
1648 1074 1824 1113 expediens

170 1120 341 1157 videretur,
367 1120 539 1151 districtius
556 1121 757 1161 ininngentes
774 1132 810 1151 ac
836 1122 932 1152 etiam
959 1122 1150 1161 inhibentes,
1175 1132 1213 1152 ne
1238 1123 1297 1162 ipsi
1322 1122 1371 1151 vel
1398 1133 1507 1153 eornm
1533 1122 1674 1164 [aliqui]a
1698 1125 1823 1164 prefato

170 1171 364 1211 L(udovicol
390 1176 542 1212 tanquam
572 1172 639 1212 regi
665 1172 714 1203 vel
743 1172 773 1201 in
803 1183 912 1213 regem
938 1173 1154 1204 Romanorum
1185 1173 1288 1203 electo
1313 1185 1409 1214 super
1434 1174 1506 1207 hiis,
1539 1185 1599 1214 quc
1625 1175 1664 1205 ad
1692 1186 1823 1215 regnum

170 1224 220 1254 vel
245 1225 413 1264 imperium
438 1223 621 1264 supradicta
646 1228 700 1254 aut
724 1235 832 1254 eorum
858 1225 1000 1265 regimen
1026 1235 1062 1256 ac
1079 1224 1387 1255 administrationem
1408 1226 1575 1265 pertinent.
1602 1227 1713 1266 quovis
1730 1227 1824 1257 modo

170 1280 330 1316 parerent,
359 1275 553 1305 adhererent
578 1275 627 1305 vel
656 1275 859 1306 intenderent
887 1287 942 1306 sou
974 1279 1155 1316 prestarent
1180 1287 1237 1316 per
1261 1286 1294 1306 se
1319 1276 1368 1307 vel
1394 1277 1491 1307 alium
1516 1288 1570 1307 sen
1597 1278 1676 1307 alios
1705 1278 1825 1309 directe

170 1327 220 1357 vel
249 1326 420 1362 indirecte,
452 1326 578 1366 publice
608 1327 656 1357 vel
689 1327 812 1357 occulte
843 1326 1011 1358 auxilium.
1043 1326 1208 1357 consilium
1239 1327 1287 1357 rel
1321 1327 1472 1357 favorem.
1521 1327 1643 1362 Quibus
1675 1329 1765 1368 penis
1795 1333 1826 1359 et

169 1378 335 1408 sententiis
369 1377 451 1408 adeo
484 1378 569 1418 ipsos
602 1377 693 1418 ligari
731 1382 762 1408 et
793 1378 925 1417 astringi
960 1379 1117 1409 voluimus
1146 1381 1177 1408 et
1203 1377 1417 1413 decrevimus,
1452 1379 1515 1408 acsi
1549 1379 1683 1419 propriis
1714 1390 1823 1409 eornm

168 1429 348 1459 nominibus
372 1429 524 1459 nominati
550 1429 682 1459 fuissent
706 1429 888 1469 specialiter
912 1433 944 1459 et
968 1440 1130 1470 expresse.
1221 1429 1291 1459 Non
1317 1429 1514 1460 obstantibus
1539 1429 1702 1470 quibusvis
1719 1430 1821 1460 tideli-

170 1481 243 1510 tatis
267 1484 299 1511 ct
324 1480 393 1510 aliis
417 1481 611 1516 iuramentis,
637 1491 694 1520 per
718 1490 779 1520 quc
804 1481 863 1521 ipsi
888 1481 937 1511 vel
963 1492 1073 1511 eornm
1097 1481 1193 1521 aliqui
1217 1481 1300 1511 dicto
1316 1481 1512 1521 Loulovieo)
1530 1492 1563 1511 se
1582 1481 1825 1521 quomodolibet

169 1532 381 1571 astris-issent,
413 1532 453 1562 ad
478 1542 611 1572 quorum
637 1532 875 1562 observantiam
900 1532 997 1562 veluti
1029 1532 1233 1572 prostitorum
1260 1532 1309 1562 cui
1334 1533 1462 1562 minim(=
1487 1533 1620 1572 prestari
1647 1533 1825 1563 debuerant

168 1584 308 1614 iurantes
332 1582 512 1613 huiusmodi
538 1583 718 1613 nullatenus
743 1583 939 1619 artabantur,
966 1594 1026 1623 que
1053 1595 1108 1613 nos
1133 1584 1229 1614 etiam
1256 1584 1295 1614 ad
1322 1585 1480 1614 cautelam
1506 1585 1534 1614 in
1561 1586 1674 1614 nostris
1692 1585 1824 1625 prefatis

168 1634 370 1675 processibus
400 1635 591 1665 auctoritate
619 1635 797 1675 apostoliea
827 1633 976 1664 duximus
1006 1634 1195 1669 relaxanda,
1226 1646 1282 1664 seu
1308 1635 1471 1676 quibusvis
1500 1635 1569 1665 aliis
1594 1636 1768 1676 privilegiis
1793 1639 1825 1666 et

168 1686 374 1727 indulgentiis
398 1686 582 1727 apostolicis
606 1686 664 1716 sub
689 1696 888 1726 quacumque
915 1685 1018 1715 forma
1043 1685 1091 1715 vel
1118 1687 1324 1726 expressione
1349 1686 1519 1716 verborum
1538 1686 1642 1717 eidem
1661 1687 1823 1717 liudovico

168 1737 218 1768 vel
244 1737 406 1777 quibusvis
430 1737 500 1767 aliis
524 1738 692 1776 concessis⁷
717 1748 778 1778 que
804 1737 862 1766 sibi
888 1736 936 1766 vel
963 1747 1072 1767 ‹nn-nm
1098 1737 1190 1767 alicui
1216 1742 1325 1768 contra
1352 1749 1518 1778 processus
1539 1742 1664 1768 nostros
1682 1739 1823 1778 prefatos

168 1789 217 1819 vel
243 1800 352 1819 eorum
377 1789 517 1829 aliquem
542 1788 700 1819 noluimus
729 1789 758 1818 in
784 1789 890 1829 aliquo
916 1788 1093 1829 suffragari.
1185 1789 1305 1819 Verum
1332 1790 1406 1829 quia
1437 1790 1513 1819 infra
1542 1791 1699 1829 prefatum
1726 1791 1819 1820 trium

168 1841 325 1870 mensium
350 1841 488 1880 spatium
514 1844 578 1870 tam
603 1840 708 1871 eidem
734 1839 923 1872 Ls'udovico‘)
949 1839 989 1869 ad
1015 1839 1240 1880 deponendum
1267 1840 1391 1870 titulum
1417 1841 1540 1881 regium
1566 1845 1597 1870 et
1621 1841 1662 1871 ab
1687 1841 1820 1871 admini-

168 1892 320 1922 stratione
346 1891 433 1931 regni
460 1892 584 1931 penitus
601 1891 823 1921 abstinendum
844 1902 964 1921 necnon
990 1894 1022 1921 et
1046 1892 1086 1921 ad
1111 1892 1173 1922 alia
1197 1891 1347 1922 nonnulla
1372 1892 1564 1931 faciendum,
1590 1902 1650 1932 qne
1676 1893 1704 1921 in
1730 1892 1822 1922 dietis

168 1942 367 1982 processibus
392 1943 517 1983 plenius
541 1943 751 1974 continentur.
777 1953 870 1983 quam
897 1942 988 1972 dictis
1014 1943 1211 1983 patriarchis,
1235 1943 1493 1983 arcliicpifflfopis,
1519 1944 1677 1983 episcopis
1702 1948 1733 1973 et
1751 1954 1820 1984 pcr-

167 1994 250 2023 sonis
274 1993 343 2024 aliis
368 1993 593 2024 ecelesiasticis
616 1993 656 2024 ad
682 2004 719 2024 ea
738 2004 798 2034 quc
816 1997 886 2023 sunt
904 2004 1054 2033 expressa
1073 1994 1217 2034 superius
1243 1994 1486 2035 [assignatumla
1510 1994 1594 2025 idom
1615 1994 1820 2033 Louhwiefus)

166 2054 224 2075 nec
248 2055 305 2085 per
329 2054 362 2075 se
386 2046 617 2085 comparuisset
641 2055 699 2075 nec
722 2045 803 2074 alius
827 2055 883 2085 pro
908 2044 1022 2075 eodem
1049 2056 1106 2075 nec
1131 2045 1193 2075 alia
1217 2050 1359 2076 curasset
1383 2050 1532 2075 contenta
1556 2047 1585 2075 in
1611 2046 1725 2075 nostris
1749 2057 1821 2086 pro-

167 2095 308 2126 cessibus
332 2096 414 2126 infra
442 2095 621 2136 predictum
645 2097 815 2126 terminum
841 2095 1019 2136 adimplere
1044 2107 1079 2126 ac
1104 2097 1245 2127 nonnulli
1274 2097 1388 2137 prelati
1414 2100 1446 2126 et
1470 2106 1606 2137 persone
1631 2096 1692 2126 alie
1718 2097 1820 2126 ecele-

167 2147 293 2177 siastiee
328 2147 593 2188 contempsissent
624 2158 737 2188 parere
774 2147 925 2187 predictis
960 2148 1074 2178 nostris
1109 2149 1336 2179 monitionibus
1369 2152 1401 2178 et
1435 2148 1608 2187 mandatis,
1642 2147 1717 2178 licet
1748 2152 1822 2178 tunc

168 2199 382 2238 potuissemus
410 2201 519 2228 eontra
549 2198 651 2238 ipsum
676 2198 900 2237 L(udovieum)
931 2202 963 2228 et
991 2199 1132 2239 prelatos
1161 2209 1197 2230 ac
1226 2210 1378 2240 personas
1406 2199 1604 2239 supradictas
1629 2200 1821 2239 processisse

168 2250 282 2280 merito
311 2260 420 2280 eorum
451 2252 599 2290 proterva
627 2250 824 2280 contumatia
849 2250 1015 2290 exigente,
1047 2250 1086 2280 de
1112 2250 1309 2291 benignitate
1341 2254 1447 2281 tamen
1477 2250 1561 2280 sedis
1589 2251 1764 2290 apostolice
1791 2254 1822 2280 et

169 2300 208 2331 de
233 2300 364 2331 fratrum
390 2300 606 2341 predictorum
631 2301 762 2331 consilio
786 2302 889 2341 ipsum
908 2301 1132 2340 Infudovicum)
1159 2313 1258 2342 usque
1283 2302 1323 2332 ad
1349 2302 1433 2332 diem
1451 2302 1602 2332 videlicet
1619 2301 1657 2331 V.
1681 2302 1723 2331 ld.
1740 2301 1823 2336 Iulii,

168 2351 370 2391 pontificatus
404 2353 501 2382 nostri
539 2363 619 2383 anno
648 2352 743 2383 VIII.
775 2352 854 2382 hora
886 2353 1064 2383 consistorii
1100 2353 1248 2384 duximus
1282 2353 1529 2394 expectandum.
1584 2353 1728 2393 Cumque
1763 2362 1819 2382 nec

169 2403 398 2443 comparuisset
420 2403 575 2434 hactenus
598 2414 656 2434 nee
681 2407 753 2434 tnnc
779 2403 877 2433 etiam
900 2404 968 2444 ipse
986 2403 1193 2441 Lmdovieus)
1212 2409 1415 2445 compareret
1440 2415 1497 2435 nec
1522 2405 1636 2445 aliquis
1659 2404 1739 2434 alins
1765 2414 1820 2444 pro

170 2453 284 2483 eodem
309 2464 366 2484 nec
390 2454 504 2495 prelati
529 2455 587 2495 ipsi
613 2464 650 2484 ac
674 2465 810 2495 persone
835 2454 1051 2485 ecclesiastice
1077 2455 1227 2496 predictis
1251 2457 1366 2486 nostris
1388 2456 1614 2486 monitionibus
1632 2455 1819 2495 paruissent,

170 2504 208 2534 de
239 2504 371 2535 fratrum
397 2505 584 2536 eorumdem
615 2505 745 2536 consilio
777 2509 886 2536 contra
918 2506 1036 2537 dictum
1061 2507 1259 2538 Ludovicum
1291 2508 1516 2548 processimus,
1550 2511 1583 2537 ut
1608 2507 1638 2536 in
1669 2516 1819 2546 processu

167 2560 274 2586 nostro
291 2566 387 2596 super
403 2557 463 2587 hoc
480 2556 589 2587 habito
607 2557 731 2597 plenius
749 2558 958 2587 continetur3.
1020 2558 1194 2589 Universos
1211 2563 1318 2589 autem
1336 2558 1543 2599 patriarchas,
1562 2558 1819 2598 archiepiscopos

169 2610 200 2636 et
224 2607 391 2647 episcopos
415 2609 557 2648 aliasque
582 2618 734 2648 personas
759 2609 990 2639 ecclesiasticas
1015 2613 1045 2639 et
1069 2620 1178 2640 earum
1204 2609 1354 2650 singulas,
1380 2610 1431 2650 qni
1458 2612 1567 2639 contra
1586 2608 1816 2638 inhibitionem.

271 2708 335 2734 277.
364 2709 388 2738 3)
408 2710 498 2734 excidit
517 2718 537 2734 c.

273 2768 297 2793 l]
317 2767 404 2800 Supra
426 2768 518 2793 tortz.V
534 2776 574 2793 nr.
589 2771 647 2794 839.
737 2770 763 2797 2)
783 2777 822 2793 nr.
840 2771 897 2794 3¹61.
987 2768 1012 2793 31
1034 2777 1073 2793 nr.
1089 2773 1146 2793 1144.

272 2826 310 2844 ω..
323 2827 534 2844 CONSTITL'TlONES
550 2827 585 2845 v1.
1578 2818 1604 2842 22*

1837 759 1864 779 ef.
1876 759 1897 778 V
1907 765 1939 779 nr.
1952 760 1988 780 681

1863 791 1908 811 cap.
1920 788 1939 806 6.

1838 1445 1884 1465 cap.
1896 1441 1914 1459 7.

1837 1786 1864 1804 cs,
1877 1785 1894 1803 V
1914 1791 1944 1805 nr,
1954 1787 1992 1805 944

1873 1816 1919 1836 capi
1932 1814 1962 1832 11.

1852 2301 1907 2320 1324.

1839 2326 1879 2345 lul.
1891 2329 1921 2347 11.
