2205 3025
178 665 202 684 10

178 923 200 941 15

174 1181 198 1200 20

175 1438 199 1458 25

175 1696 198 1714 30

177 1952 200 1970 35

177 2292 202 2310 40

177 2593 202 2611 45

459 107 556 134 ACTA
575 107 687 134 REGNI
707 108 890 135 LUDEWICI
910 108 955 135 IV.
974 108 1020 134 ET
1038 108 1222 134 FRIDERICI
1243 109 1291 135 ΙΙΙ.
1328 109 1402 135 1328.
1439 109 1486 136 Nr.
1500 109 1557 136 399.
1577 110 1635 137 400.
1809 114 1871 143 299

330 194 422 224 Licet
446 193 553 223 multis
576 193 678 224 modis
702 194 793 224 nobis
817 198 848 225 et
872 195 942 225 aliis
965 194 1184 225 Romanorum
1209 196 1455 236 imperatoribus
1480 199 1512 226 et
1535 196 1664 237 regibus
1692 198 1753 228 tuis
1777 198 1870 229 obse-

224 245 304 285 quiis
328 247 438 284 gratus
462 244 571 283 fueris,
602 255 736 285 quorum
765 256 827 276 non
857 246 985 287 indigne
1016 247 1174 287 premium
1202 248 1359 287 mernisti,
1390 247 1573 288 specialiter
1603 252 1710 280 tamen
1740 254 1872 290 propter

222 299 312 327 actus
336 299 406 326 tuos
429 295 576 331 bellicos,
607 296 723 336 quibus
746 297 839 327 lateri
863 301 969 327 nostro
1000 298 1117 338 iugiter
1145 299 1286 337 astitisti,
1316 299 1455 330 maxime
1485 300 1570 340 quod
1601 301 1630 330 in
1656 300 1707 331 die
1738 301 1870 332 dimica-

223 347 321 378 cionis
350 350 382 377 et
406 346 482 377 belli
505 357 562 387 pro
592 347 673 376 sacri
697 347 823 387 imperii
840 358 877 378 ac
901 349 1016 379 nostris
1039 350 1170 379 summis
1194 349 1367 380 honoribus
1392 361 1448 390 per
1471 362 1528 381 nos
1544 351 1645 381 habiti
1670 362 1741 382 cum
1757 353 1870 384 Fride-

221 399 313 440 rtico)
339 398 418 428 duce
444 398 593 428 Austriel
621 398 713 428 miles
736 402 918 439 strennuus,
949 399 1076 430 adiutor
1105 403 1137 431 et
1160 401 1260 431 victor
1284 401 1338 431 illo
1368 401 1418 432 die
1443 402 1482 432 de
1512 402 1613 432 multa
1637 406 1691 433 tua
1720 405 1872 436 comitiva

222 449 318 488 fuisti,
342 449 397 479 tibi
415 449 552 479 debetur
574 449 747 480 retribucio
764 451 868 480 meriti
886 452 1044 491 specialis.
1084 451 1167 482 Hinc
1185 457 1232 482 est
1257 452 1343 493 quod
1360 454 1592 493 premissorum
1610 455 1870 488 consideracione

223 506 255 533 et
278 500 318 531 ob
347 501 536 531 sinceritatis
560 504 613 530 tue
638 500 712 530 fidei
736 506 862 532 servate
887 506 1069 533 constanter
1092 504 1226 544 imperio
1251 508 1447 544 respectum,
1478 515 1497 535 a
1521 516 1584 545 qua
1609 506 1695 536 nullo
1721 517 1795 538 casu
1820 507 1872 538 vel

222 563 317 583 causa
346 552 548 592 aliquatenus
579 551 739 591 excidisti,
768 553 912 583 volentes
940 553 981 584 ad
1009 555 1199 594 ampliorem
1229 556 1448 595 predictorum
1477 556 1627 587 affectum
1657 561 1689 587 et
1720 558 1870 589 effectum

221 604 320 645 gratis
343 603 458 633 nostris
482 602 710 633 munificenciis
735 606 765 633 te
783 614 898 634 vocare
923 608 955 635 et
975 605 1149 646 aliqualem
1168 606 1223 636 tibi
1247 607 1475 647 premissorum
1494 608 1599 638 facere
1617 618 1871 651 recompensam,

222 655 352 696 opidum
370 654 489 684 dictum
506 653 718 694 Regentzhof,
744 655 829 695 quod
846 666 936 686 sacro
961 657 1143 697 pertinebat
1167 658 1313 698 imperio,
1338 669 1409 689 cum
1434 661 1501 689 iure
1524 663 1710 700 patronatus
1734 662 1871 694 ecclesie

219 706 349 741 ibidem,
374 705 489 736 iudicio
515 705 620 735 eidem
638 705 733 745 opido
756 710 920 747 spectante
946 712 977 738 et
994 709 1109 738 ceteris
1126 709 1406 742 iurisdictionibus
1430 710 1561 747 iuribus,
1587 712 1769 751 honoribus,
1796 724 1870 754 pos-

220 757 422 795 sessionibus,
446 756 542 787 rebus
567 760 598 787 et
622 757 691 787 aliis
716 759 921 798 pertinenciis
945 759 1099 790 universis
1128 761 1259 800 quesitis
1283 771 1339 790 seu
1369 762 1565 802 inquirendis
1594 767 1648 793 aut
1676 764 1869 804 quibuscun-

220 820 281 851 que
305 809 485 840 nominibus
509 812 706 846 censeantur,
731 810 812 840 sicut
835 809 914 840 alias
938 812 1052 841 nostris
1076 812 1238 851 regalibus
1267 811 1379 841 litteris
1404 813 1461 842 tibi
1486 817 1517 843 et
1542 814 1602 844 tuis
1631 814 1804 846 heredibus
1828 827 1869 847 ex

220 866 250 892 te
275 861 433 902 legittime
451 860 718 891 descendentibus
735 862 765 891 in
790 861 920 892 feodum
945 862 1179 892 concessimus2
1204 866 1236 892 et
1260 863 1374 893 nostris
1401 864 1619 904 imperialibus
1646 870 1759 906 postea
1784 867 1869 898 litte-

220 914 262 943 ris
285 912 342 943 sub
367 912 482 953 sygillo
507 916 613 942 nostro
639 922 732 942 cereo
758 913 1044 948 c.011fi1·n121vi1m1s⁸,
1074 914 1117 943 sic
1142 918 1174 944 et
1202 924 1283 943 nunc
1312 914 1442 954 opidum
1469 926 1540 945 cum
1570 917 1716 947 omnibus
1740 922 1773 948 ut
1797 929 1868 958 pre-

219 964 354 996 mittitur
390 964 431 994 ad
466 965 569 1004 ipsum
605 964 823 1004 spectantibus
854 964 944 994 vobis
974 965 1003 994 in
1034 965 1163 995 feodum
1198 970 1390 1006 perpetuum
1426 967 1630 997 concedimus
1661 971 1692 998 et
1724 969 1763 999 de
1794 971 1870 1010 ipsis

220 1026 343 1047 exnunc
368 1020 461 1056 prout
485 1018 602 1046 extunc
626 1026 681 1044 vos
712 1015 913 1046 infeodamus
938 1020 969 1046 et
1000 1016 1201 1056 presentibus
1226 1017 1414 1047 investimus
1439 1018 1479 1048 de
1509 1018 1706 1058 plenitudine
1731 1021 1869 1061 impera-

218 1069 298 1099 torie
327 1068 504 1108 potestatis.
544 1066 700 1098 Volcntes
723 1071 758 1098 ut
781 1068 909 1098 inantea
933 1071 967 1098 tu
991 1072 1024 1098 et
1048 1068 1185 1099 heredes
1215 1069 1259 1098 tui
1284 1068 1405 1099 dictum
1438 1069 1568 1109 opidum
1595 1081 1666 1100 cum
1695 1072 1754 1101 sibi
1778 1083 1869 1112 spec-

219 1119 357 1150 tantibus
381 1119 481 1149 libere
507 1122 538 1149 et
561 1119 664 1149 solute
690 1123 722 1149 et
745 1119 865 1160 absque
895 1121 1096 1160 prestaciono
1121 1120 1213 1150 nobis
1236 1119 1309 1150 inde
1335 1121 1385 1150 vel
1417 1121 1652 1151 successoribus
1676 1124 1790 1152 nostris
1814 1134 1871 1154 seu

220 1170 415 1211 quibuslibet
437 1171 601 1201 advocatis
625 1176 680 1200 aut
704 1170 850 1201 officiatis
875 1172 989 1201 nostris
1014 1171 1158 1212 qualibet
1182 1171 1329 1202 facienda
1352 1173 1383 1201 in
1409 1176 1530 1202 rectum
1555 1176 1587 1202 et
1611 1173 1715 1214 legale
1740 1174 1869 1205 feodum

219 1223 363 1254 debeatis
388 1233 405 1252 a
430 1221 520 1251 nobis
545 1226 577 1252 et
605 1223 719 1252 nostris
747 1223 985 1253 successoribus
1014 1223 1086 1252 iusti
1118 1222 1203 1253 feodi
1237 1224 1338 1264 tytulo
1372 1223 1534 1264 possidere
1568 1228 1722 1264 perpetuo
1753 1226 1871 1265 pariter

218 1283 250 1306 et
273 1279 392 1313 tenere,
417 1277 451 1304 ut
474 1284 530 1314 pro
560 1273 742 1304 huiusmodi
772 1274 813 1304 ad
842 1278 949 1304 nostra
979 1279 1011 1305 et
1041 1275 1138 1315 ipsius
1168 1275 1293 1315 imperii
1322 1276 1456 1305 servicia
1486 1286 1542 1305 vos
1570 1275 1711 1306 reddatis
1743 1277 1871 1307 inantea

217 1327 438 1368 promptiores,
528 1325 614 1356 Nulli
643 1336 719 1365 ergo
745 1326 872 1356 omnino
898 1326 1061 1356 hominum
1087 1326 1181 1357 liceat
1205 1326 1286 1357 hanc
1311 1330 1417 1357 nostre
1443 1328 1669 1361 concessionis,
1694 1328 1869 1358 infeodaci-

218 1379 285 1409 onis
309 1381 341 1409 et
364 1378 551 1408 investitur-e
576 1378 726 1418 paginam
750 1378 924 1418 infringere
949 1378 998 1408 vel
1031 1379 1059 1409 ci
1089 1389 1167 1408 ausu
1197 1379 1304 1419 aliquo
1330 1379 1501 1409 temerario
1527 1380 1694 1409 contraire.
1745 1379 1777 1410 Si
1802 1381 1872 1420 quis

219 1440 293 1460 vero
325 1429 385 1459 hoc
414 1432 609 1469 attemptare
641 1430 886 1470 presumpserit.
923 1440 1054 1470 gravem
1086 1434 1227 1460 nostram
1259 1430 1517 1470 indignacionem
1549 1441 1582 1459 se.
1614 1431 1737 1461 noverit
1767 1432 1870 1462 incur-

218 1491 334 1511 surum.
424 1481 459 1510 ln
484 1481 571 1511 cuius
589 1481 812 1520 concessionis,
838 1481 1070 1511 infeodacionis
1095 1490 1127 1512 et
1145 1482 1329 1512 investitur-e
1349 1482 1564 1512 testimoninm
1582 1492 1618 1512 ac
1636 1482 1814 1522 pleniorem
1839 1488 1871 1514 et

218 1535 406 1573 perpetuam
431 1532 553 1563 roboris
569 1532 751 1563 firmitatem
770 1537 908 1573 present«
923 1545 936 1561 s
960 1534 1082 1564 litteras
1107 1533 1261 1564 conscribi
1288 1536 1319 1563 et
1344 1533 1431 1563 bulla
1462 1536 1569 1563 nostra
1598 1544 1695 1564 aurea
1724 1534 1871 1564 iussimus

217 1585 403 1614 communiri
428 1595 464 1614 ac
488 1585 612 1624 signum
636 1588 777 1614 nostrum
803 1585 969 1625 imperiale
994 1585 1196 1625 presentibus
1225 1586 1342 1625 apponi
1374 1585 1506 1615 fecimus
1532 1595 1602 1615 cum
1633 1585 1767 1615 testibus
1796 1586 1869 1616 sub-

216 1636 342 1666 notatis.
382 1636 443 1671 Qui
466 1640 539 1666 sunt
562 1635 712 1666 videlicet
728 1636 886 1666 Rudolfus
911 1636 975 1666 (lux
1003 1637 1147 1667 Bawarie
1166 1637 1312 1676 prinecps
1331 1640 1362 1666 et
1387 1643 1517 1676 patruus
1544 1639 1651 1666 noster
1675 1637 1869 1674 karissimus,

217 1686 386 1717 Heinrieus
411 1686 475 1716 dux
501 1686 538 1717 de
566 1687 745 1728 Brunswig,
770 1687 963 1718 Ludowicus
988 1688 1053 1718 dux
1079 1688 1118 1718 dc
1142 1688 1270 1718 Tekke.
1295 1688 1421 1718 [Irieus
1446 1688 1642 1728 lantgravius
1666 1688 1706 1718 de
1731 1688 1869 1724 Alsacia,

222 1738 426 1768 Meinhardus
443 1738 482 1768 de
501 1738 692 1779 Ortenburg,
710 1739 914 1769 Hermannus
932 1739 970 1769 de
989 1739 1106 1772 Castel,
1133 1742 1209 1769 Utto
1227 1739 1266 1769 de
1286 1738 1493 1776 Urlamunde,
1520 1739 1678 1769 lohannes
1700 1739 1739 1769 (le
1759 1738 1869 1770 Claro-

220 1793 327 1820 monte
356 1791 488 1820 comites
516 1800 639 1820 necnon
668 1790 790 1821 nobiles
815 1791 872 1821 viri
897 1791 1086 1821 Chunradus
1118 1791 1156 1822 dc
1187 1790 1405 1830 Sluzzelbcrg,
1437 1790 1590 1820 Albertns
1620 1790 1721 1820 dictus
1750 1791 1869 1821 IIumel

221 1841 454 1872 mareschalcus
479 1844 598 1875 noster,
624 1841 845 1882 Engelhardus
874 1842 914 1872 dc
940 1842 1128 1883 XWnsperg,
1153 1842 1342 1872 Chunradns
1367 1842 1406 1871 de
1433 1841 1696 1881 Truhemlingen,
1722 1842 1870 1872 Andreas

221 1896 253 1922 et
276 1891 441 1923 Gotfridus
466 1893 505 1923 dc
530 1892 683 1923 Brunekk
710 1893 777 1930 <MA
803 1898 835 1923 et
859 1904 954 1934 quam
979 1894 1085 1934 plures
1109 1894 1163 1924 alii
1187 1893 1350 1934 fidedigni.

328 1944 442 1974 Actum
468 1947 499 1974 et
523 1944 632 1974 datum
658 1945 771 1984 Rome,
797 1945 848 1975 die
872 1945 997 1975 XVIH.
1023 1946 1139 1975 mensis
1156 1945 1332 1983 Februarii,
1357 1955 1440 1974 anno
1457 1944 1586 1974 Domini
1612 1944 1781 1975 millesimo
1806 1948 1868 1975 tre-

221 1995 393 2025 centesimo
418 1995 572 2036 vigesimo
597 2001 718 2027 octavo.
744 1997 833 2037 regni
858 1997 956 2026 nostri
980 2007 1063 2026 anno
1088 1997 1340 2037 quartodecimo,
1366 1996 1490 2036 imperii
1516 2006 1591 2025 vero
1618 1996 1729 2036 primo.

481 2101 567 2136 400.
610 2102 832 2144 Confirmatis)
855 2102 1114 2146 privilegle'orum
1141 2101 1322 2144 acuet-«lis.
1430 2101 1532 2135 Febr.
1556 2103 1614 2135 21.

330 2173 491 2213 Oriye'nale
519 2175 628 2205 ibidem
654 2175 939 2206 ‘'Raritiitensclclct'
964 2186 1012 2206 ur.
1031 2177 1080 2206 (56.
1127 2176 1205 2206 Item
1236 2174 1367 2206 conlzdit
1392 2175 1502 2205 Herrc.
1552 2174 1649 2205 Bulla
1677 2185 1774 2205 [terrea
1800 2176 1870 2206 item

217 2225 328 2264 pendet
350 2225 414 2264 filis
436 2227 544 2257 scricis
568 2227 663 2257 trium
689 2227 832 2258 colorum.
879 2227 986 2258 Illam
1012 2227 1203 2258 Germanica
1227 2228 1380 2266 scriptam
1404 2229 1456 2257 est.

327 2285 472 2323 ΒϋῘιυισν,
498 2286 571 2326 Rey.
596 2286 706 2318 Lmlw.
725 2298 761 2325 p.
779 2288 819 2317 :59
843 2297 890 2319 ur.
910 2289 981 2318 971.

330 2345 378 2383 Cf.
396 2348 496 2376 cetera·
506 2346 675 2386 privilcgsc'oe
698 2347 747 2377 liis
769 2347 877 2377 dicbus
899 2347 995 2378 eidem
1012 2347 1194 2387 bztrcyranio
1210 2347 1294 2378 datis
1310 2347 1456 2383 Bauium,
1482 2345 1559 2384 ΒΘΗ.
1584 2345 1695 2376 Ladae.
1718 2357 1749 2384 p.
1769 2348 1809 2376 23&
1824 2357 1867 2385 sq.

219 2405 268 2427 nr.
286 2396 357 2428 961.
389 2398 461 2427 963.
490 2399 552 2428 970
582 2401 610 2428 et
643 2398 861 2429 ‘Monumenta
891 2398 1073 2429 Zolleramc'
1100 2398 1153 2435 II,
1178 2398 1242 2428 2513
1256 2409 1301 2437 sq.
1333 2408 1380 2428 nr.
1400 2398 1471 2427 633.
1506 2398 1582 2433 634,
1618 2397 1747 2436 itemque
1780 2397 1869 2437 [nfra

219 2456 267 2477 nr.
286 2449 477 2479 440—442.

326 2531 558 2572 {Lu}{dowicus
574 2534 635 2565 Dei
660 2536 768 2575 gracia
785 2535 1003 2566 Romanorum
1020 2536 1194 2576 imperator
1217 2545 1346 2575 semper
1369 2536 1521 2574 augustus
1610 2532 1776 2573 spectabili
1801 2534 1866 2563 viro

220 2581 382 2614 Friderico
407 2584 599 2626 burggravio
625 2586 664 2617 de
688 2586 880 2628 Nur-euberg
908 2588 1080 2617 secretario
1105 2597 1161 2617 suo
1186 2590 1217 2617 et
1250 2586 1375 2627 imperii
1403 2584 1490 2615 fideli
1520 2584 1637 2614 dilecto
1726 2585 1865 2623 graciam

221 2643 309 2664 suam
334 2638 366 2665 et
390 2646 483 2667 omne
507 2637 636 2667 bonum.

324 2719 348 2751 1>
368 2719 402 2746 A.
417 2723 486 2746 1322.
505 2719 574 2753 Sept.
589 2724 628 2747 23.
717 2722 742 2754 2)
762 2721 852 2754 Supra
872 2724 931 2748 tom.
946 2721 971 2747 V
985 2729 1026 2747 rur.
1043 2724 1096 2747 734,
1185 2721 1210 2747 3)
1230 2721 1318 2753 Supra
1339 2729 1379 2746 nr.
1393 2722 1447 2746 398.
