2205 3025
482 106 577 142 ACTA
598 107 711 134 REGNI
731 108 913 136 LUDEWICI
931 110 977 136 IV.
997 111 1041 136 ET
1062 111 1244 139 FRIDERICI
1264 113 1310 139 111.
1348 114 1422 140 1329.
1459 114 1505 140 Nr.
1519 116 1577 142 575.
1789 120 1851 149 479

312 194 341 221 6.
372 190 413 221 Et
436 192 510 232 quia
534 193 563 222 in
588 193 766 233 prolatione
791 195 947 225 sententie
972 196 1162 236 supradicte,
1188 199 1268 229 sicut
1292 199 1322 228 in
1346 199 1421 230 dicti
1445 200 1752 232 Ludovici1-litteris
1776 213 1850 243 pre-

204 241 304 271 fatam
328 242 561 272 continentibus
585 245 776 274 sententiam
800 255 856 274 nos
880 248 912 275 et
936 245 1010 276 dicti
1035 247 1149 279 fratres
1173 250 1326 280 contineri
1342 250 1486 290 vidimus,
1512 255 1544 282 et
1567 252 1703 292 plurium
1722 254 1850 284 testium

202 291 438 332 fidedignorum
462 293 492 322 in
516 294 696 334 prolatione
720 295 877 326 sententie
901 298 1107 337 presentium,
1132 310 1210 340 quos
1234 310 1293 340 per
1312 301 1478 332 nonnullos
1503 312 1543 332 ex
1566 302 1716 334 fratribus
1733 305 1850 334 nostris

203 342 244 373 ad
268 342 428 373 cautelam
453 344 629 374 examinari
653 344 798 382 fecimus,
829 346 1045 387 depositiones
1074 351 1235 382 continent
1265 351 1439 390 evidenter,
1469 353 1553 393 quod
1583 354 1613 384 in
1644 354 1758 385 eadem
1789 366 1848 386 ex-

171 407 183 425 5
203 403 311 433 presse
347 393 523 434 predictam
560 393 714 433 heresim,
746 397 868 426 scilicet·
902 399 987 438 quod
1019 399 1144 430 Christo
1177 405 1208 432 et
1241 402 1394 442 apostolis
1428 403 1458 433 in
1486 404 1545 434 hiis
1576 415 1637 445 que
1672 405 1849 436 habuerunt

200 444 321 476 nullum
350 445 398 475 ius
422 446 601 485 competiit,
630 445 687 476 sed
711 448 931 478 tantummodo
956 460 1029 480 usus
1053 450 1142 491 facti,
1174 456 1261 483 tenet
1292 456 1323 484 et
1350 453 1508 494 approbat
1536 458 1567 485 et
1590 457 1848 487 constitutionem

201 506 296 536 super
320 495 379 526 hoc
404 495 523 526 editam
548 497 657 527 nititur
680 497 882 538 impugnare,
912 501 1106 532 sententiam
1135 503 1312 543 predictam
1342 514 1400 544 per
1428 516 1483 535 nos
1507 509 1616 536 contra
1644 507 1748 547 ipsum
1772 517 1845 548 pro-

201 547 299 577 latam
323 550 498 587 propterea
515 547 741 587 approbantes
765 549 866 588 ipsum
885 550 1105 582 nichilominus
1129 553 1159 583 in
1177 553 1294 584 dictam
1311 555 1457 586 incidisse
1482 556 1617 587 heresim
1643 560 1675 588 et
1697 560 1732 588 ut
1755 557 1847 588 here-

202 599 297 628 ticum
323 609 363 629 ex
387 598 441 628 illo
466 599 562 629 etiam
588 599 692 639 capite
718 599 926 631 declaramus.

160 660 183 678 10
289 651 316 679 7.
350 653 386 679 Et
409 649 483 680 lieet
507 653 598 687 ipsum
615 654 785 680 Ludovicum
802 655 882 681 bonis
907 657 1034 683 omnibus
1052 658 1201 685 mobilibus
1225 662 1254 686 et
1270 661 1467 693 immobilibus,
1491 662 1597 688 iuribus
1621 664 1654 688 et
1676 663 1842 690 iurisdictio-

201 704 282 730 nibus
301 706 329 730 et
347 704 557 737 quibuscunque
577 703 641 730 aliis
661 704 818 737 ubicunque
838 705 954 732 forent
974 709 1001 733 et
1020 708 1229 742 quibuscunque
1248 710 1403 736 nominibus
1422 713 1616 738 censerentur
1639 714 1668 738 et
1686 713 1846 746 specialiter

201 755 335 782 comitatu
356 755 484 789 palatino
505 754 576 781 Reni
600 757 628 782 et
652 756 726 781 omni
756 756 813 781 iure
832 757 938 782 ratione
958 757 1001 784 vel
1026 759 1170 785 occasione
1189 759 1264 785 illius
1283 761 1326 786 vel
1345 761 1428 787 alias
1451 761 1548 794 quovis
1570 762 1649 788 modo
1675 763 1709 789 ad
1729 763 1845 790 eundem

201 806 370 832 Ludovicum
391 806 612 840 pertinentibus,
642 806 763 832 habendi
788 815 880 833 vocem
906 807 934 833 in
954 808 1089 835 electione
1107 810 1180 843 regis
1198 810 1382 837 Romanorum
1404 812 1433 838 in
1451 812 1645 846 imperatorem
1665 814 1845 847 promovendi

200 866 247 883 seu
266 857 294 882 in
313 857 448 883 electione
467 856 625 882 huiusmodi
645 857 768 889 aliquem
787 857 822 883 ad
842 858 969 891 predicta
987 867 1102 893 regnum
1118 860 1160 886 vel
1174 860 1320 894 imperium
1334 862 1456 896 eligendi
1475 871 1521 889 seu
1536 864 1745 896 quomodolibet
1757 864 1843 890 nomi-

157 916 179 934 15
200 908 290 940 nandi,
311 909 451 942 privatum
470 908 527 934 fore
547 908 764 934 decreverimus
784 911 812 934 et
832 909 912 942 priva
923 910 1068 941 verimus,
1088 912 1256 944 exponendis
1276 912 1317 939 vel
1338 914 1518 940 concedendis
1539 914 1693 945 catholicis,
1713 915 1743 946 si,
1762 917 1845 948 prout

199 962 227 986 et
240 960 350 993 quando
369 968 402 986 ac
420 959 520 992 quibus
536 959 579 985 vel
600 959 632 985 de
652 959 752 992 quibus
765 960 842 985 sedes
856 961 1012 993 apostolica
1026 961 1207 988 ordinandum
1221 963 1339 994 duxerit,
1359 964 1417 990 iure
1432 964 1595 998 principalis
1609 965 1723 991 dominii
1736 974 1843 1000 semper

198 1011 283 1043 salvo,
365 1011 484 1038 vasallos
504 1019 613 1044 quoque
633 1011 720 1044 ipsius
740 1013 768 1037 et
788 1020 966 1044 quascunque
986 1013 1055 1038 alias
1075 1015 1132 1038 tam
1151 1014 1355 1040 ecclesiasticas
1374 1023 1456 1047 quam
1476 1016 1611 1042 seculares
1630 1025 1760 1049 personas
1779 1025 1840 1042 nec-

198 1071 251 1089 non
271 1062 491 1094 communitates,
511 1061 708 1088 universitates
728 1070 760 1088 ac
780 1062 920 1093 civitates,
941 1066 1039 1093 castra,
1060 1065 1146 1090 terras
1166 1073 1197 1090 ac
1218 1065 1308 1096 villas,
1327 1074 1379 1098 que
1399 1066 1451 1091 sibi
1471 1066 1616 1093 fidelitatis
1634 1067 1679 1093 vel
1699 1067 1762 1093 aliis
1781 1067 1840 1100 qui-

198 1113 358 1146 buscunque
378 1113 541 1139 iuramentis
561 1115 722 1140 tenerentur
740 1113 862 1143 astricti,
889 1122 999 1147 prorsus
1022 1115 1056 1140 ab
1077 1114 1133 1140 illis
1152 1115 1367 1142 absolverimus
1389 1125 1421 1142 ac
1441 1125 1617 1150 quascunque
1641 1117 1842 1151 colligationes,

154 1171 179 1191 20
198 1165 442 1197 confederationes,
462 1164 618 1195 societates,
638 1165 783 1198 pactiones
802 1166 831 1190 ct
850 1164 923 1198 ligas
942 1173 991 1198 per
1003 1174 1181 1198 quoscunque
1200 1175 1261 1192 cum
1275 1166 1370 1192 eodem
1384 1169 1540 1193 contractas
1560 1168 1602 1194 vel
1622 1168 1714 1199 initas,
1733 1167 1843 1193 etiamsi

197 1216 367 1248 iuramentis,
387 1216 465 1250 penis
486 1216 528 1242 vel
549 1215 612 1241 aliis
631 1215 775 1249 quibusvis
784 1221 803 1233 ¹¹¹
819 1215 998 1241 firmitatibus
1017 1218 1107 1242 essent
1127 1216 1232 1247 innexe,
1252 1219 1388 1250 quatenus
1401 1218 1520 1243 favorem
1535 1219 1584 1244 aut
1596 1218 1737 1244 comodum
1757 1218 1843 1252 ipsius

197 1270 400 1298 concernerent,
419 1267 452 1294 de
473 1266 622 1300 potestatis
642 1266 816 1300 plenitudine
836 1266 947 1300 penitus
972 1267 1199 1294 dissolverimus
1225 1277 1256 1294 ac
1281 1277 1364 1301 penas
1389 1268 1511 1294 adiectas
1538 1271 1565 1295 et
1589 1269 1743 1295 iuramenta
1761 1278 1844 1303 super

196 1319 250 1345 hiis
269 1319 388 1353 prestita
407 1318 654 1347 relaxaverimus,
683 1318 861 1343 decernentes
883 1318 996 1350 quasvis
1018 1327 1148 1352 personas
1173 1318 1328 1352 singulares
1348 1327 1379 1345 ac
1400 1319 1619 1350 communitates,
1639 1320 1842 1351 universitates,

196 1371 299 1400 castra,
321 1370 414 1399 villas,
435 1371 522 1396 terras
542 1372 570 1395 et
589 1369 693 1402 oppida
713 1377 889 1401 nequaquam
909 1368 999 1394 teneri
1026 1369 1059 1395 de
1079 1371 1170 1395 cetero
1197 1369 1232 1395 ad
1254 1370 1485 1396 observantiam
1508 1379 1602 1396 earum
1626 1371 1668 1397 vel
1693 1371 1843 1397 cuiuslibet

153 1427 176 1446 25
197 1423 356 1454 earundem,
449 1422 587 1448 universis
611 1427 739 1458 quoque
764 1422 792 1447 et
816 1421 955 1454 singulis*
981 1417 1189 1448 eeclesiarum
1213 1422 1329 1456 prelatis
1354 1424 1382 1448 et
1398 1423 1523 1456 personis
1540 1423 1744 1453 ecclesiasticis,
1767 1432 1842 1449 secu-

197 1473 304 1500 laribus
328 1475 357 1500 et
380 1473 569 1508 regularibus,
594 1473 783 1505 cuiuscunque
808 1473 1004 1506 preminentie,
1028 1473 1185 1507 dignitatis,
1210 1474 1323 1504 ordinis,
1353 1472 1453 1500 status
1478 1474 1520 1500 vel
1544 1474 1714 1500 condicionis
1738 1474 1841 1500 existe-

195 1526 286 1556 rent,
311 1525 423 1551 etiamsi
448 1524 640 1558 patriarchali,
658 1523 814 1558 pontificali
838 1526 887 1550 aut
903 1524 1003 1550 maiori
1027 1533 1075 1550 seu
1092 1524 1218 1550 inferiori
1235 1525 1375 1558 dignitate
1397 1525 1576 1558 fulgerent,
1600 1534 1708 1551 necnon
1724 1525 1843 1559 regibus,

195 1575 318 1605 ducibus,
339 1574 520 1608 principibus,
541 1574 755 1603 marchionibus,
776 1574 932 1604 comitibus,
946 1574 1105 1602 baronibus,
1125 1574 1273 1605 nobilibus,
1293 1574 1488 1608 potestatibus,
1507 1575 1671 1608 capitaneis,
1691 1575 1842 1601 rectoribus

195 1628 223 1653 et
236 1626 298 1652 aliis
312 1626 432 1652 dominis
446 1626 647 1660 temporalibus
661 1628 689 1653 et
702 1626 749 1658 qui
770 1625 796 1651 in
811 1625 907 1658 aliquo
921 1625 1115 1659 premissorum
1129 1634 1157 1652 se
1172 1625 1365 1652 intitularent
1378 1625 1468 1655 titulo,
1490 1626 1555 1652 licet
1568 1625 1610 1651 ius
1624 1634 1677 1652 non
1692 1626 1745 1652 hab
1753 1628 1843 1652 erent

151 1683 176 1702 ³0
195 1677 222 1703 in
241 1677 307 1707 eis*,
332 1677 580 1704 communitatibus
607 1679 635 1703 et
659 1677 902 1707 universitatibus,
925 1677 1101 1707 civitatibus,
1128 1677 1226 1703 castris
1245 1678 1273 1702 et
1294 1676 1368 1702 villis
1388 1678 1415 1702 et
1434 1677 1594 1710 specialiter
1613 1677 1841 1711 Mediolanen(si),

194 1728 394 1763 Sagonen(si)¹¹,
414 1728 588 1761 Cuman‹‘e)0,
605 1728 803 1760 Vercellen(si),
824 1728 1034 1762 Pergamen(si),
1054 1727 1221 1760 Lauden(si)‚
1241 1728 1445 1760 Cremonen(si>,
1465 1728 1626 1759 Aretin(e)r²,
1647 1728 1841 1761 Novarien(si)‚

193 1781 354 1815 Papien(si),
379 1781 576 1812 Mantuanler,
594 1781 779 1811 Veronen(si),
805 1780 935 1811 Lucan(e)
960 1782 989 1806 et
1012 1779 1074 1805 aliis
1098 1780 1312 1813 quibuscunque
1329 1776 1539 1806 inhibuerimus
1563 1781 1591 1806 et
1614 1789 1742 1814 expresse
1766 1789 1841 1806 man-

194 1829 370 1864 daverimus,
394 1841 429 1859 ne
446 1832 572 1866 predicto
590 1832 730 1858 Ludovico
754 1832 787 1858 de
804 1832 894 1858 heresi
919 1833 949 1857 ut
965 1831 1118 1865 predicitur
1134 1831 1339 1864 condempnato
1355 1831 1496 1863 adherere,
1520 1831 1732 1862 communicare,
1755 1831 1840 1865 parti-

194 1884 288 1917 cipare
313 1884 357 1910 vel
380 1884 474 1910 favere
491 1884 743 1917 quomodocunque
759 1883 865 1909 directe
883 1883 926 1909 vel
950 1882 1095 1912 indirecte,
1120 1882 1230 1915 publice
1249 1882 1292 1908 vel
1316 1882 1423 1908 occulte
1440 1883 1654 1915 presumerent
1676 1890 1727 1908 nec
1751 1882 1841 1908 eidem

150 1939 174 1958 ³⁵
193 1936 377 1969 portarent,
402 1935 586 1964 mitterent,
610 1934 718 1968 portari
736 1935 779 1960 vel
803 1934 879 1960 mitti
902 1934 1053 1960 facerent
1077 1935 1126 1959 aut
1149 1934 1356 1967 procurarent
1378 1941 1504 1966 granum,
1529 1932 1623 1958 vinum
1647 1934 1696 1958 aut
1711 1941 1839 1965 quecum-

193 1995 246 2019 que
271 1986 413 2018 victualia,
437 1995 555 2020 pannos,
580 1987 664 2020 ligna,
690 1986 801 2017 ferrum,
825 1986 924 2011 armaq
948 1994 996 2011 seu
1020 1985 1118 2018 quevis
1142 1984 1332 2019 mercimonia,
1357 1983 1504 2018 pecuniam
1528 1984 1571 2010 vel
1594 1983 1728 2016 quicquid
1751 1983 1836 2015 aliud,

192 2038 267 2071 quod
290 2040 385 2071 posset
409 2038 437 2064 in
461 2038 549 2072 ipsius
570 2038 725 2063 utilitatem
742 2037 783 2063 vel
809 2037 985 2063 commodum
1008 2036 1172 2067 redundare,
1197 2044 1247 2062 nec
1264 2035 1422 2066 societates
1447 2035 1697 2066 confederationes,
1722 2035 1835 2068 colliga-

192 2089 292 2121 tiones,
316 2089 462 2123 pactiones
487 2091 535 2115 aut
560 2089 630 2123 ligas
647 2097 829 2122 quascunque
853 2097 915 2114 cum
939 2088 1036 2114 eodem
1060 2087 1145 2113 initas
1168 2087 1211 2113 vel
1227 2088 1387 2113 contractas
1404 2086 1550 2120 presertim
1574 2086 1603 2112 in
1627 2086 1686 2112 eius
1703 2086 1834 2115 favorem,

192 2140 346 2166 utilitatem
370 2141 414 2167 vel
438 2140 574 2166 auxilium
598 2140 813 2170 observarent,
839 2139 965 2172 alioquin
989 2147 1123 2172 personas
1147 2146 1327 2171 quascunque
1351 2137 1507 2171 singulares
1531 2137 1836 2167 excommunicationis,

149 2197 174 2214 4ο
193 2191 391 2217 universitates
416 2199 494 2223 vero,
526 2190 742 2217 communitates
767 2192 795 2216 et
819 2190 950 2223 collegia,
979 2199 1032 2223 que
1057 2191 1207 2223 postquam
1232 2189 1363 2215 videlicet
1390 2197 1536 2222 processus
1560 2190 1656 2214 noster
1683 2184 1836 2224 premissa

193 2238 357 2268 continens
370 2242 405 2268 ad
418 2251 513 2268 eorum
526 2242 722 2276 pervenisset
738 2241 869 2267 notitiam
883 2241 926 2267 vel
940 2242 1008 2275 potu
1018 2241 1042 2266 is
1052 2242 1103 2267 set
1117 2240 1276 2274 pervenisse
1292 2239 1477 2274 probabiliter
1489 2241 1539 2265 aut
1554 2248 1604 2272 per
1620 2248 1675 2265 eos
1692 2239 1838 2265 stetisset

192 2293 340 2326 quominus
358 2293 553 2327 pervenisset
577 2293 612 2319 ad
636 2293 744 2327 ipsos,
768 2292 797 2318 in
814 2292 865 2318 hac
882 2294 962 2325 parte
979 2292 1179 2318 offendissent
1203 2291 1478 2324 quomodolibet,
1502 2299 1611 2317 necnon
1627 2292 1715 2316 terras
1733 2292 1761 2316 et
1776 2289 1837 2316 loca

191 2352 421 2378 quorumcunque
438 2344 511 2370 circa
527 2344 655 2378 predicta
671 2343 896 2377 delinquentium
912 2343 1056 2370 interdicti
1073 2343 1222 2369 sententiis
1245 2344 1273 2369 et
1288 2342 1460 2376 generaliter
1476 2341 1555 2375 penis
1573 2341 1708 2372 omnibus,
1734 2340 1833 2374 quibus

191 2395 316 2422 fautores
339 2398 368 2422 et
390 2396 551 2422 defensores
576 2395 763 2422 hereticorum
787 2397 814 2421 et
839 2395 1005 2421 adherentes
1030 2395 1134 2421 eisdem
1151 2394 1328 2420 subiciuntur
1351 2402 1368 2419 a
1392 2393 1451 2419 iure
1470 2393 1512 2418 vel
1529 2392 1674 2425 quibusvis
1698 2391 1831 2418 constitu-

147 2450 172 2469 45
193 2446 327 2479 tionibus,
352 2447 538 2474 voluerimus
563 2449 591 2473 et
607 2447 800 2473 decrevimus
825 2446 977 2477 subiacere,
1001 2441 1190 2471 insinuando
1215 2445 1328 2477 eisdem,
1354 2453 1404 2470 nos
1420 2444 1455 2470 ad
1472 2444 1622 2470 earundem
1640 2451 1773 2476 penarum
1790 2442 1834 2467 de-

193 2497 376 2524 clarationem
400 2500 428 2524 et
451 2498 646 2524 executionem
670 2499 768 2523 contra
784 2497 980 2530 delinquentes
1003 2496 1163 2522 huiusmodi
1186 2504 1365 2529 processuros
1382 2495 1550 2528 specialiter,
1574 2494 1597 2519 si
1620 2495 1649 2520 et
1672 2492 1782 2526 quando
1806 2494 1834 2518 et

190 2548 321 2581 quotiens
346 2549 521 2575 videremus
545 2548 704 2582 expediens
729 2557 785 2574 non
809 2548 988 2574 obstantibus
1012 2547 1034 2573 si
1058 2547 1098 2573 eis
1116 2547 1157 2573 vel
1183 2555 1278 2573 eorum
1295 2547 1436 2580 aliquibus
1453 2545 1637 2572 communiter
1654 2544 1696 2570 vel
1720 2542 1830 2569 divisim

292 2661 357 2688 575.
385 2661 403 2693 l)
421 2663 550 2687 heretici
570 2668 599 2687 st
617 2662 791 2687 scismatici
811 2662 872 2686 add.
888 2661 910 2686 1.
991 2662 1022 2692 m)
1041 2661 1266 2693 quibuscunque
1286 2660 1308 2684 1.
1389 2659 1413 2691 ¹¹)
1433 2660 1541 2684 Saonen.
1557 2658 1578 2683 1.
1656 2656 1679 2688 0)
1699 2656 1793 2680 Vinan-
1807 2654 1831 2679 3-

190 2702 215 2734 P)
235 2704 364 2729 Aretinen.
383 2703 407 2730 3.
495 2705 520 2735 q)
540 2706 566 2730 in
585 2706 638 2730 loco
656 2713 717 2729 raso
738 2704 760 2729 1.

1858 657 1889 671 nr.
1901 653 1938 673 351

1859 683 1904 703 cap.
1916 680 1934 699 6.

1855 1025 1900 1046 cap.
1912 1023 1933 1041 7.

1856 1434 1901 1454 cap.
1915 1431 1932 1450 S.
