2205 3025
157 704 181 723 10

157 960 180 978 15

156 1220 182 1239 20

157 1476 182 1495 25

157 1737 183 1756 30

158 2119 183 2137 35

158 2392 171 2408 4
174 2390 185 2407 O

159 2761 185 2779 ⁴25

524 162 527 164 >
569 147 664 173 ACTA
684 147 796 174 REGNI
816 147 1000 174 LUDEWICI
1019 147 1064 174 IV.

199 236 319 273 stcntu,
353 244 392 264 ne
422 244 477 264 vos
505 238 692 274 vestrosque
728 244 928 265 successores
961 244 997 265 ac

199 288 344 326 posteros
384 289 494 316 eontra
526 285 687 326 predictas
720 289 844 316 nostras
878 286 997 326 gratias

200 336 417 379 [aliquomodo
435 335 631 378 moles]tent,
656 336 833 377 impediant
856 340 910 367 aut
927 347 998 377 per-

199 387 338 427 turbent,
363 388 459 418 immo
477 398 533 418 vos
558 388 667 428 pocius
691 389 722 418 in
747 387 867 418 eisdem
885 399 996 419 manu-

199 442 329 471 teneant
353 443 385 470 et
409 439 613 470 defendantl.

244 912 271 931 ο.
308 900 395 931 Nulli
430 910 506 941 ergo
544 901 670 930 omnino
704 900 867 930 hominum
904 900 998 930 liceat

200 952 281 982 hanc
316 954 422 982 nostre
455 952 682 989 concessionis,
722 951 934 982 ordinacionis
967 954 999 981 et

200 1001 480 1044 confir-[macionis]
513 1003 664 1043 paginam
689 1002 862 1043 infringere
891 1006 945 1033 aut
969 1003 998 1034 ei

200 1065 279 1086 ausu
307 1054 478 1084 temerario
510 1055 678 1084 contraire.
730 1053 762 1084 Si
791 1055 861 1095 quis
892 1058 998 1085 autem

200 1106 421 1137 contravenire
446 1106 689 1146 presumpserit,
715 1110 823 1146 preter
852 1105 999 1146 indigna-

201 1158 325 1188 cionem
360 1160 516 1195 nostram,
559 1167 654 1197 quam
697 1158 799 1197 ipsum
838 1158 1000 1188 incurrere

201 1208 346 1239 volumus
370 1209 438 1248 ipso
464 1208 562 1247 facto,
591 1218 708 1248 penam
736 1212 865 1239 centum
889 1208 999 1249 li[bra-

203 1270 271 1291 rum
297 1258 377 1300 auri]
403 1261 487 1300 puri,
522 1269 656 1300 quarum
685 1259 893 1290 medietatem
924 1260 1000 1291 fisco

200 1311 232 1341 id
265 1314 313 1342 est
347 1314 453 1341 nostre
489 1311 647 1352 imperiali
677 1321 814 1348 camere,
843 1311 1000 1352 reliquam

201 1372 276 1393 vero
301 1363 447 1393 iniuriam
474 1363 574 1403 passis
598 1362 753 1403 applicari
778 1362 937 1401 volumus,
966 1374 1000 1394 se

201 1414 325 1445 noverit
348 1414 556 1444 incursurum.

245 1465 281 1496 In
306 1466 393 1496 cuius
418 1466 463 1495 rei
481 1466 697 1496 testimonium
722 1464 901 1507 p[rcsentes
925 1476 1000 1496 con-

205 1515 312 1558 scribi]
337 1520 369 1547 et
393 1516 497 1557 sigillo
522 1519 628 1547 nostre
653 1517 830 1547 maiestatis
855 1517 1001 1547 iussimus

205 1568 389 1599 communiri.

244 1621 317 1652 Dat.
335 1621 367 1651 in
378 1621 572 1659 NVormacia,
591 1622 619 1651 in
635 1621 742 1662 vigilia
755 1621 1001 1656 Pentecostr‘est

201 1683 283 1703 anno
300 1672 429 1703 Domini
452 1672 622 1703 millesimo
646 1674 871 1703 trecentesimo
896 1671 1000 1713 t[rice-

201 1724 295 1757 simo.
327 1725 416 1765 regni
440 1723 551 1766 nostri}
576 1735 658 1755 anno
684 1724 918 1761 sextodecimo,
944 1723 1000 1753 im-

202 1775 281 1815 perii
306 1785 380 1806 vero
406 1776 513 1806 tercio.

373 2026 460 2060 760.
503 2024 721 2069 Pririleglimn
748 2024 906 2067 nemorale
935 2023 968 2057 in
997 2023 1112 2066 forma
1140 2024 1266 2058 maiori
1294 2023 1423 2058 daliwi.

1104 147 1178 174 1330.
1215 146 1479 174 Nr.758.759.7130.
1788 151 1848 180 (347

1051 233 1198 265 hibentes
1231 235 1338 275 gracie
1369 238 1400 265 et
1429 234 1545 265 favoris
1578 235 1675 265 nostri
1704 235 1762 265 sub
1792 234 1849 266 ob-

1051 288 1155 325 teum,
1195 295 1234 316 ne
1270 296 1325 316 vos
1361 289 1547 326 vestrosque
1583 296 1783 317 successores
1819 290 1851 318 et

1052 340 1198 377 posteros
1233 340 1343 368 eontra
1376 337 1536 377 predictas
1566 341 1690 368 nostras
1724 339 1849 378 gracias

1051 388 1258 428 aliquomodo
1283 388 1470 425 molestant,
1494 388 1672 429 impediant
1698 392 1753 420 aut
1776 399 1849 430 per-

1051 439 1190 476 turbent,
1215 440 1312 470 immo
1336 450 1392 470 vos
1416 440 1527 480 pocius
1551 440 1581 470 in
1599 440 1719 471 eisdem
1737 450 1849 471 mann-

1051 494 1182 522 teneant
1207 494 1239 521 et
1263 490 1448 529 defendant,
1471 501 1534 521 non
1559 491 1757 522 obstantibus
1781 491 1850 522 aliis

1051 542 1314 583 quibuscunqueg
1338 543 1454 583 graciis
1483 541 1545 584 [a]¹¹
1570 542 1650 573 divis
1678 542 1849 583 predeces-

1053 592 1177 624 soribus
1202 592 1340 635 [nostris]
1362 593 1582 624 Romanorum
1604 593 1850 634 imperatoribus

1052 645 1118 675 sive
1152 644 1282 685 regibus
1312 647 1417 675 vestro
1458 645 1554 685 opido
1598 648 1663 675 tam
1699 645 1850 676 militibus

1052 706 1147 736 quam
1183 696 1304 726 civibus
1343 705 1400 726 seu
1434 706 1452 726 a
1487 696 1578 726 nobis
1613 697 1689 737 ipsis
1722 696 1850 727 indultis

1051 747 1101 778 vel
1127 747 1295 785 concessis,
1329 747 1444 788 quibus
1472 748 1618 778 omnibus
1647 747 1752 788 quoad
1778 757 1850 788 pre-

1051 799 1147 828 missa
1172 802 1282 829 tenore
1306 799 1507 840 presencium
1538 809 1579 829 ex
1607 803 1695 830 certa
1719 800 1850 830 scientia

1052 849 1257 890 derogamus-

1096 904 1125 931 (ὅ.
1162 901 1247 932 Nulli
1281 911 1357 942 ergo
1394 902 1521 932 omnino
1557 902 1721 932 hominum
1756 902 1851 932 liceat

1053 952 1133 982 hanc
1166 956 1273 982 nostre
1309 953 1534 987 concessionis,
1574 953 1787 983 ordinacionis
1820 956 1852 983 et

1053 1004 1308 1034 confirmacionis
1343 1005 1493 1045 paginam
1526 1003 1698 1044 infringere
1733 1007 1788 1034 aut
1822 1004 1851 1035 ei

1053 1065 1131 1086 ausu
1160 1055 1331 1086 temerario
1360 1056 1527 1086 contraire.
1581 1055 1613 1086 Si
1644 1056 1714 1096 quis
1743 1058 1851 1086 autem

1054 1107 1274 1137 contravenire
1314 1107 1558 1147 presumpserit,
1600 1110 1708 1147 preter
1746 1106 1850 1147 indig-

1054 1158 1222 1188 nacionem
1257 1161 1408 1198 nostram,
1440 1168 1535 1198 quam
1561 1158 1664 1198 ipsum
1690 1158 1851 1188 incurrere

1054 1208 1200 1239 volumus
1217 1210 1285 1249 ipso
1303 1210 1397 1247 facto,
1423 1219 1539 1249 penam
1556 1212 1681 1240 centum
1699 1209 1851 1240 librarum

1055 1261 1123 1291 anri
1148 1261 1227 1300 puri,
1253 1270 1387 1300 quarum
1412 1260 1621 1291 medietatem
1645 1260 1719 1291 fisco
1749 1260 1780 1290 id
1805 1264 1853 1291 est

1055 1315 1162 1342 nostre
1187 1311 1345 1352 imperiali
1370 1321 1508 1348 camere,
1533 1311 1688 1352 reliquam
1706 1322 1781 1341 vero
1806 1312 1851 1341 in-

1055 1363 1169 1393 iuriam
1194 1363 1296 1403 passis
1319 1363 1451 1403 aplicari
1477 1362 1634 1401 volumus,
1666 1372 1700 1392 se
1729 1364 1852 1393 noverit

1054 1414 1262 1444 incursurum.

1098 1465 1134 1495 In
1160 1466 1247 1495 cuius
1276 1465 1322 1496 rei
1347 1465 1564 1496 testimonium
1590 1468 1754 1505 presentes
1779 1476 1852 1496 con-

1055 1517 1149 1548 scribi
1174 1520 1205 1547 et
1233 1520 1341 1547 nostra
1365 1516 1451 1546 bulla
1475 1526 1573 1547 aurea
1601 1517 1754 1557 signoque
1779 1526 1853 1547 con-

1056 1571 1146 1599 sueto
1172 1569 1319 1598 iussimus
1344 1568 1541 1598 communiri.

1099 1620 1219 1650 Datum
1236 1619 1338 1660 Spire,
1361 1620 1459 1650 tercia
1477 1619 1557 1649 feria
1574 1623 1644 1659 post
1662 1618 1746 1650 diem
1764 1629 1853 1649 sanc-

1056 1674 1122 1702 tum
1153 1671 1378 1708 Pentecostes,
1410 1681 1492 1701 anno
1524 1670 1651 1700 Domini
1684 1670 1853 1701 millesimo

1057 1722 1281 1753 trecentesimo
1313 1722 1488 1754 tricesimo,
1518 1722 1607 1761 regni
1643 1722 1739 1751 nostri
1770 1732 1852 1752 anno

1054 1773 1286 1811 sextodecimo,
1311 1773 1437 1813 imperii
1461 1782 1536 1802 vero
1562 1772 1670 1802 tercio.

1098 1841 1230 1882 Signum
1275 1841 1394 1871 domini
1434 1840 1599 1871 Ludowici
1644 1841 1749 1881 quarti
1791 1840 1853 1871 Dei

1055 1894 1163 1933 gracia
1179 1892 1398 1923 Romanorum
1422 1891 1624 1931 imperatoris
1647 1891 1854 1922 invictissimi.

1531 2022 1621 2056 Mai.
1637 2024 1696 2056 29.

313 2109 360 2146 Cf.
385 2118 482 2148 supra
508 2109 636 2139 221275'7
659 2110 687 2138 et
711 2108 781 2137 750:
808 2107 869 2137 759
893 2117 959 2145 cap.
977 2108 995 2136 4
1013 2107 1071 2146 (5).

312 2169 407 2207 Copia
435 2170 486 2207 (c.)
517 2168 642 2199 omnino
675 2177 786 2198 coaeva
818 2167 853 2197 in
876 2166 1010 2197 Musaeo
1034 2165 1222 2197 Gemnauico
1249 2165 1502 2205 Norimbcryevsi
1529 2166 1669 2202 (1.,1861,
1699 2175 1719 2195 ιι
1745 2165 1852 2195 iurene

205 2219 291 2250 docto
310 2219 534 2250 Wormatiensi
557 2219 687 2250 donata.

201 2273 363 2308 apparent.

732 2218 966 2257 Descripsim'us
988 2227 1053 2248 nos.

422 2270 554 2301 Tantum
586 2271 691 2301 statim
723 2272 900 2308 sequuntur
929 2269 1002 2300 haec
1029 2268 1139 2299 verba:

1099 2217 1205 2257 Sz'yz‘lli
1221 2227 1308 2248 cerae
1324 2217 1437 2248 viridis
1453 2217 1543 2248 dorso
1559 2216 1702 2257 'inqu-esse·
1725 2217 1851 2255 vestiam

1241 2268 1389 2310 Sigillata
1418 2272 1525 2299 autem
1555 2271 1604 2299 est
1632 2267 1690 2299 hec
1719 2278 1851 2308 presens

204 2322 296 2362 copia
321 2325 427 2353 nostre
453 2323 590 2353 civitatis
614 2321 719 2363 sigillo
743 2324 930 2362 tergotenus
955 2320 1127 2362 applicato.
1152 2339 1192 2343 —-
1216 2320 1384 2351 Ineditmn.

314 2381 448 2412 Balmzer
472 2382 547 2422 Rey.
566 2382 676 2413 Ludw,
695 2392 729 2420 2³·
746 2382 810 2412 278
833 2391 881 2411 ην.
898 2381 984 2411 2727
1007 2380 1132 2420 (Addit.
1149 2380 1212 2421 II).

312 2475 501 2507 Ludowieus
527 2479 657 2516 quartus
673 2475 733 2506 Dei
758 2475 866 2516 gracia
883 2475 1100 2505 Romanorum
1125 2475 1298 2515 imperator
1322 2484 1450 2514 semper
1473 2476 1625 2514 augustus

1714 2472 1851 2513 pruden-

204 2526 289 2556 tibus
312 2528 386 2557 viris
411 2528 592 2558 consulibus
616 2527 794 2567 ceterisque
819 2525 940 2556 civibus
964 2527 1117 2556 universis
1141 2526 1226 2566 opidi
1252 2526 1349 2557 nostri
1373 2527 1403 2555 in
1421 2525 1626 2566 Oppinheiin.
1651 2524 1714 2554 suis
1738 2526 1769 2553 et
1793 2524 1851 2552 im-

205 2578 285 2617 perii
308 2577 456 2608 fidelibus
480 2578 603 2608 dilectis

309 2686 372 2713 759.
400 2688 424 2717 Β)
443 2689 619 2720 cuiuscunque
640 2688 700 2713 add.
721 2688 750 2712 11.

310 2755 335 2786 1)
358 2754 398 2786 Cf.
414 2755 489 2787 infra
510 2763 549 2781 nr.
567 2759 620 2782 760.

839 2686 863 2718 h)
883 2688 974 2712 excidit
992 2688 1022 2712 B.

685 2577 825 2618 graciam
850 2587 939 2607 SUssll]
965 2580 997 2608 ei?
1020 2587 1112 2608 omne
1137 2577 1264 2608 bonum.
