2205 3025
328 146 389 173 573
765 138 859 164 ACTA
882 137 994 163 REGNI
1014 136 1197 163 LUDEWICI
1218 122 1263 163 li'.
1302 136 1376 162 1330.
1413 136 1532 164 N1·.‹‚·80.

329 229 380 257 vix
415 227 510 257 etiam
543 236 600 265 per
628 225 805 265 longissimi
835 227 971 254 tractum
1001 224 1154 263 temporis
1182 223 1310 253 adicere
1339 226 1502 263 poterunt.
1533 226 1568 253 ut
1600 224 1799 264 resurgant&
1831 223 1982 264 quodque

329 279 473 308 civitates
505 287 628 311 omncs.
664 286 725 316 que
756 276 858 316 ipsum
889 277 1090 315 receperant,
1127 284 1160 304 se
1197 273 1237 304 ab
1267 275 1334 304 eius
1365 273 1550 304 obedientia
1584 273 1811 305 subtraxerunt
1845 278 1877 305 et
1908 275 1983 315 quia

330 339 441 359 omnes
473 327 511 358 ad
544 327 679 357 ecclesie
715 327 879 357 redierunt
910 325 1143 363 obedientiam⁷
1183 325 1223 356 ad
1254 325 1339 366 quod
1369 326 1463 356 etiam
1494 335 1555 366 que
1583 324 1722 355 nondum
1752 325 1915 356 redierunt
1949 336 1983 356 se

328 380 510 419 disponunt.

436 440 464 468 2.
505 437 585 468 Cum
617 439 724 467 autem
756 436 841 467 idem
873 435 1056 466 Ludovicus
1087 434 1146 465 hiis
1175 435 1288 465 diebus
1315 435 1470 475 proximis
1497 434 1583 476 apud
1612 435 1799 466 Tridentum
1824 445 1873 474 se,
1903 436 1984 466 sicut
2013 446 2025 464 ε,

328 490 525 529 acecpimus.
551 489 718 519 conferens
747 488 867 518 ibidem
892 488 1000 528 iniquo
1026 490 1199 517 convocato
1225 486 1355 517 consilio
1380 487 1451 525 viis,
1476 486 1579 517 modis
1611 489 1643 517 et
1667 486 1825 517 coloribus
1849 486 1983 517 diversis

328 541 494 581 exquisitis
519 540 666 570 ordinare
695 540 827 575 nitatur„
857 538 942 579 quod
971 539 1053 568 sicut
1082 538 1112 568 in
1142 538 1263 568 eisdem
1292 538 1386 568 Italic
1415 537 1572 578 partibUS,
1602 547 1664 578 que
1693 537 1752 567 sibi
1781 537 1982 577 obedierunt⁷

328 592 493 622 devoravit
523 591 716 621 substantias
749 601 867 631 easque
899 590 962 620 suis
987 589 1170 620 excessibus
1199 594 1231 620 ct
1254 589 1413 620 erroribus
1442 592 1593 630 quantam
1621 590 1725 630 potuit
1754 590 1901 629 irretivit,
1940 590 1983 619 ita

329 646 453 674 vestras
478 646 510 673 et
533 643 666 673 aliarum
693 642 830 682 partium
854 641 1040 681 Alainanie⁷
1069 641 1109 671 ad
1134 652 1213 682 quas
1237 641 1415 672 sitibundus
1439 641 1568 682 aspirat.
1594 641 1748 672 devorare
1772 642 1878 672 Valeat
1902 642 1983 671 suis-

326 705 387 734 que
413 694 597 724 excessibus
622 697 653 723 ct
678 693 837 723 erroribus
861 693 1026 734 implicare
1051 702 1087 723 ae
1113 692 1275 725 officiales.
1300 693 1435 723 vicarios
1459 692 1603 733 aliosque
1627 693 1787 723 ministros
1810 695 1982 733 propterea
2004 703 2027 722 10

327 745 487 776 destinare
514 745 663 785 disponat
687 745 727 775 ad
752 745 914 775 civitatem
940 748 1079 775 vestram
1109 748 1142 774 et
1170 747 1276 784 partes
1307 743 1386 774 alias
1410 744 1595 781 Alamanie,
1625 744 1706 774 sieut
1733 743 1846 783 fertur.
1876 744 1982 784 provi-

329 796 471 827 dentiam
490 801 628 827 vestram
646 806 823 834 monemus,
848 806 1000 836 rogamus
1024 799 1056 826 et
1072 796 1103 826 in
1119 795 1258 826 Domino
1276 796 1428 826 attentius
1446 795 1663 835 exhortamur,
1688 795 1835 836 quatinus
1851 795 1985 836 grandia

327 848 477 888 pericula,
502 859 563 889 que
582 847 671 878 vobis
689 848 865 888 vestrisque
890 848 1026 887 posteris
1050 849 1181 887 possent
1196 847 1342 887 ingerere
1367 847 1444 877 talia
1462 848 1622 888 vestrique
1646 847 1782 877 nominis
1806 846 1986 877 claritatem

328 900 456 930 inficere
482 910 519 930 ac
544 899 731 930 Creatorem
757 902 896 929 vestrum
921 902 1123 939 matremque
1148 899 1286 929 vestram
1311 901 1453 929 sanctam
1478 897 1658 929 Romanam
1682 898 1852 928 ecclesiam
1876 901 1986 928 contra

327 962 383 981 vos
407 951 549 991 graviter
573 961 760 991 provocare,
785 950 982 981 deducentes
1006 951 1037 980 in
1061 954 1148 981 recte
1167 950 1430 981 considerationis
1447 960 1584 980 examen
1608 960 1731 980 necnon
1747 960 1861 990 graves
1885 959 1985 990 penas
2006 962 2029 981 15

332 1005 363 1033 et
388 1003 564 1032 sententias
589 1005 653 1032 tam
679 1013 737 1042 per
762 1002 904 1033 diversos
929 1012 1096 1042 processus
1121 1005 1246 1032 nostros
1270 1005 1380 1032 contra
1404 1004 1639 1042 receptatores,
1668 1001 1869 1039 defensores,
1893 1001 1985 1032 auxi-

327 1054 477 1088 liatorcs.
503 1053 697 1085 adherentes
723 1057 755 1084 et
779 1064 933 1094 sequaces
957 1054 1112 1084 Ludoviei
1136 1053 1272 1094 predicti
1295 1053 1429 1084 heretici
1459 1056 1491 1083 et
1514 1053 1685 1083 scismatici
1708 1053 1839 1093 eiusque
1864 1052 1986 1083 officia-

327 1105 418 1141 lium.
459 1106 666 1146 complicum,
696 1106 881 1146 sequacium
906 1108 937 1136 et
961 1105 1120 1136 fautorum
1146 1116 1241 1146 quam
1265 1115 1322 1145 per
1346 1105 1413 1135 iura
1438 1108 1470 1135 et
1494 1104 1637 1135 diversas
1661 1104 1901 1134 constitutiones
1929 1103 1986 1134 ad-

326 1167 436 1187 versus
473 1160 708 1197 receptatores.
743 1157 900 1195 fautores,
941 1156 1120 1195 adiutores,
1159 1156 1352 1187 adherentes
1385 1160 1417 1186 et
1452 1155 1670 1186 consiliatores
1704 1155 1919 1186 hereticorum
1955 1159 1987 1186 et

329 1209 583 1238 scismatieorum
608 1208 743 1238 inflictas
768 1208 951 1248 diligentius
976 1208 1193 1246 attendentes,
1219 1207 1378 1248 prefatum
1402 1207 1627 1246 L(udovicum)
1652 1207 1830 1237 hereticum
1854 1210 1887 1237 et
1909 1207 1985 1237 scis·
2006 1216 2031 1234 2⁰

328 1259 481 1289 uiaticum
507 1262 562 1289 aut
586 1259 713 1299 quosvis
730 1259 874 1298 vicarios.
900 1259 1052 1290 officiales
1076 1259 1127 1289 vel
1151 1259 1311 1289 ministros
1334 1258 1443 1299 ipsius,
1468 1268 1657 1299 quocunque
1681 1258 1808 1288 nomine
1833 1268 1986 1289 censean-

328 1314 394 1349 tur,
427 1310 610 1340 nullatenus
635 1310 812 1341 admittatis
835 1321 894 1341 nec
925 1311 970 1341 eis
994 1311 1044 1341 vcl
1071 1321 1181 1341 eorum
1206 1310 1299 1340 alicui
1325 1310 1567 1350 quomodolibet
1590 1311 1731 1350 parcatis
1754 1319 1812 1340 nee
1837 1310 1986 1350 prestetis

329 1365 386 1392 aut
410 1362 545 1402 prestari
571 1361 696 1391 faciatis
721 1372 777 1392 seu
802 1362 842 1392 ab
868 1362 938 1392 aliis
957 1365 1109 1402 quantum
1135 1362 1165 1391 in
1182 1362 1272 1391 vobis
1296 1362 1392 1392 fuerit
1415 1362 1607 1401 permittatis
1632 1361 1806 1398 eonsilium.
1831 1361 1985 1392 auxilium

330 1414 381 1444 vel
406 1414 548 1443 favorem
575 1413 694 1443 directe
720 1414 768 1443 vel
794 1413 959 1451 indirecte.
985 1413 1112 1454 publice
1131 1413 1181 1444 vel
1205 1413 1320 1451 oculte⁷
1345 1412 1402 1443 sed
1426 1413 1531 1453 potius
1547 1415 1652 1442 vestre
1670 1412 1764 1442 saluti
1781 1412 1986 1452 providentes

329 1468 362 1495 et
386 1465 471 1495 fame
497 1464 711 1505 periculisque
736 1465 887 1505 predictis
912 1465 1085 1495 consultius
1111 1468 1310 1503 occurentes,
1334 1465 1415 1494 sicut
1439 1468 1470 1494 et
1487 1466 1594 1495 vestra
1611 1463 1704 1493 solita
1721 1462 1848 1494 devotio
1874 1463 1983 1503 exigit.
2004 1475 2028 1493 25

330 1517 360 1546 in
391 1516 561 1547 devotione
587 1521 695 1546 sancte
720 1517 830 1546 matris
860 1517 996 1546 ecclesie
1026 1517 1070 1546 sie
1100 1516 1294 1547 inmobiliter
1321 1515 1512 1556 serpentinis
1540 1514 1756 1555 quorumlibet
1784 1514 1922 1544 consiliis
1954 1518 1986 1545 et

330 1568 464 1598 sinistris
489 1567 639 1598 (levitatis
663 1567 923 1607 suggestionibus
947 1567 1135 1607 persistatis.
1161 1567 1245 1608 quod
1271 1570 1302 1597 et
1327 1567 1465 1597 divinam
1491 1569 1522 1596 et
1544 1565 1720 1606 apostolice
1744 1565 1829 1595 sedis
1852 1565 1986 1596 valeatis

330 1619 593 1650 benedictionem
618 1623 649 1649 et
674 1619 808 1659 gratiam
833 1618 963 1649 uberius
987 1619 1172 1659 promereri.

437 1688 478 1717 In
504 1698 530 1718 e.
556 1698 596 1717 m.
623 1689 783 1718 communi
809 1691 841 1718 ct
864 1688 1062 1718 universitati
1087 1688 1224 1717 civitatis
1247 1687 1423 1727 Augusten.

438 1738 476 1768 In
503 1749 529 1768 e.
556 1749 596 1768 m.
630 1739 783 1778 sculteto,
814 1739 967 1779 magistro
997 1738 1127 1775 civium.
1159 1738 1340 1768 consulibus
1369 1748 1405 1768 ac
1433 1737 1631 1768 universitati
1658 1737 1821 1767 hominum
1853 1737 1982 1768 Colum-
2004 1749 2028 1767 30

309 1789 449 1826 ,harieir
475 1789 624 1820 Basilien.
651 1790 730 1820 dioc.

438 1841 479 1870 ln
505 1851 531 1871 e.
557 1852 597 1871 m.
623 1841 768 1875 sculteto,
794 1842 946 1881 magistro
973 1841 1097 1879 civium.
1123 1840 1303 1871 consulibus
1327 1844 1359 1871 et
1382 1840 1580 1870 universitati
1606 1839 1768 1870 hominum
1786 1840 1982 1871 Lindowien.

330 1891 550 1922 shmstantien.
576 1892 656 1922 dioc.

438 1942 477 1972 ln
505 1956 530 1973 e.
557 1954 597 1973 m.
623 1944 767 1975 sculteto.
792 1945 945 1984 magistro
971 1945 1096 1982 civium,
1123 1943 1304 1974 consulibus
1328 1953 1364 1974 ae
1389 1943 1588 1974 universitati
1611 1943 1774 1974 hominum
1792 1942 1982 1973 Scafhuscn.

329 1993 549 2024 Constantien.
576 1994 655 2024 dioc.
1284 1988 1287 1990 ’
2001 2004 2026 2022 ³⁵

439 2045 478 2074 ln
504 2056 588 2075 c.1n.
614 2046 761 2081 sculteto.
787 2046 939 2086 magistro
965 2047 1089 2079 civium.
1115 2041 1295 2076 consulibus
1319 2050 1351 2076 et
1375 2046 1572 2076 universitati
1592 2045 1755 2076 hominum
1774 2045 1883 2076 Sancti
1900 2045 1984 2076 Galli

332 2094 551 2126 Constantien.
577 2097 657 2127 dioc.

388 2141 393 2144 ⁴
438 2147 481 2176 In
506 2158 533 2177 e.
558 2158 598 2177 m.
625 2148 775 2179 sculteto.
806 2149 960 2188 magistro
986 2150 1128 2182 οἰνίυηι,Α
1147 2149 1329 2180 consulibus
1358 2152 1390 2179 et
1414 2149 1611 2180 universitati
1635 2149 1798 2179 hominum
1823 2148 1984 2189 Vilingen.

332 2199 548 2228 Constantien.
575 2198 654 2228 dioc.

440 2250 479 2279 ln
505 2262 531 2280 e.
557 2261 596 2279 in.
632 2254 779 2280 mutato
818 2251 968 2291 plurali
1004 2253 1039 2281 in
1075 2251 1331 2292 singularem¹²
1361 2251 1501 2282 Rudolfo
1537 2251 1576 2282 de
1601 2251 1852 2282 Vallemassonis
1887 2249 1982 2291 priori
2003 2261 2028 2279 40

332 2300 511 2340 Hospitalis
535 2302 634 2331 suncti
662 2301 811 2331 Iohannis
835 2302 1081 2332 lerosolimitani
1106 2313 1163 2343 per
1187 2303 1391 2333 Alamaniam

443 2352 482 2380 ln
507 2362 534 2381 e.
560 2363 599 2381 in.
624 2352 721 2382 nobili
746 2353 812 2382 viro
838 2377 869 2383 ..
895 2354 1001 2383 comiti
1027 2353 1066 2384 de
1091 2352 1334 2395 NVilrhemberg

440 2403 483 2432 ln
509 2413 535 2432 e.
562 2413 600 2433 m,
627 2403 724 2433 nobili
750 2405 814 2433 viro
841 2428 869 2433 ..
896 2405 1003 2434 comiti
1029 2405 1067 2435 dc
1093 2405 1293 2446 Hohenberg

443 2454 481 2483 ln
507 2464 532 2483 e.
559 2465 598 2484 m.
625 2454 721 2484 nobili
747 2455 812 2484 viro
839 2479 868 2484 ..
895 2456 1001 2485 comiti
1027 2456 1064 2486 de
1090 2457 1163 2487 Zolr

443 2505 480 2534 ln
506 2515 533 2535 c.
559 2516 598 2535 m.
624 2505 761 2535 Hessoni
788 2507 961 2536 marchioni
987 2508 1025 2537 ‹le
1050 2507 1162 2537 Baden
2002 2519 2026 2538 45

440 2556 482 2586 In
509 2566 534 2585 e.
561 2567 600 2586 m.
626 2556 766 2587 Rudolfo
792 2558 896 2587 comiti
924 2558 963 2587 ‹le
988 2558 1164 2589 Nodowia'*

436 2666 501 2691 680.
530 2672 553 2697 ³)
573 2669 880 2699 mutato—singularem
902 2670 925 2693 sn
948 2671 1061 2700 maassiae
1081 2670 1141 2694 mm.
1162 2679 1181 2693 ι’.
1271 2669 1294 2701 ¹⁷)
1315 2671 1348 2693 *lc
1369 2679 1388 2694 c.

439 2745 463 2771 1)
487 2743 527 2768 lh:
549 2747 589 2769 4¹».
605 2750 618 2768 ν
638 2745 750 2776 smpims.
