2205 3025
416 126 510 153 ACTA
525 126 643 153 REGNI
662 126 847 153 LUDEWICI
867 126 913 153 IV.
933 126 977 152 ET
998 127 1182 154 FRIDERICI
1203 128 1250 154 111.
1289 128 1363 154 1327.
1400 128 1518 154 Ν1κ315.
1538 128 1596 155 319.
1776 131 1836 160 229

288 215 316 243 2.
353 212 437 243 Sane
463 213 537 253 quia
561 212 663 243 dictus
684 212 866 244 Ludovicus
890 224 908 244 a
933 217 1019 244 tamg
1043 215 1200 245 iniuriosis
1223 214 1417 245 novitatibus
1443 215 1567 255 prefato
1591 215 1835 256 archiepiscopo

180 268 212 295 et
235 264 305 294 aliis
330 264 462 304 prelatis
486 266 518 293 et
542 262 686 294 ecclesiis
714 274 751 294 ac
776 265 919 304 personis
948 274 1057 295 earum
1081 266 1220 306 partium
1246 266 1471 296 ecclesiasticis
1497 270 1529 297 et
1552 266 1750 297 secularibus
1773 277 1836 297 non

179 326 291 356 parum
317 314 577 355 preiudicialibus
602 318 634 345 et
658 314 841 356 dampnosis
865 315 1027 346 abstinere
1052 327 1114 347 non
1131 320 1230 350 curat.
1256 317 1330 358 quin
1348 318 1444 347 immo
1462 317 1543 347 sicut
1560 317 1658 348 habet
1674 317 1837 358 fidedigna

178 367 350 396 multorum
374 366 555 401 insinuatio,
579 365 710 396 studens
734 367 896 406 preteritis
920 367 1100 398 insolenciis
1125 368 1244 399 addere
1270 379 1367 399 novas
1392 368 1512 409 culpas,
1538 368 1699 409 quandam
1724 370 1835 400 turrim

148 428 158 446 5
178 417 384 448 fortissimam
408 417 439 447 in
465 416 567 446 insula
584 416 665 447 Reni
690 427 791 457 prope
809 417 928 448 dictum
953 420 1110 449 castrum¹
1138 423 1331 457 construere,
1356 423 1390 450 ut
1408 419 1598 461 dampnatas
1616 421 1836 461 impositiones

178 471 210 499 et
234 469 419 499 exactiones
443 468 606 509 predictas
632 467 739 498 durius
764 472 795 499 et
820 469 980 500 crudelius
997 470 1157 510 exigendo
1176 472 1360 501 continuare
1379 471 1513 512 illasque
1532 471 1707 503 defendere
1725 471 1836 503 fortius

178 520 295 553 valeat,
320 521 383 550 iam
408 520 537 560 incepit,
563 530 619 550 nos
643 522 751 550 autem
770 520 1004 553 intendentesh.
1029 521 1114 562 qnod
1138 521 1179 552 ad
1203 521 1397 553 obviandum
1423 523 1565 554 eiusdem
1583 523 1738 553 Ludovici
1762 533 1835 564 per-

176 570 317 602 nieiosisi
341 571 371 601 in
398 571 457 601 hac
482 574 572 611 parte
597 570 763 601 conatibus
787 574 918 612 tamque
936 572 1149 612 dispendiosis
1167 574 1316 613 periculis
1333 578 1365 604 et
1381 575 1633 614 presumptuosis
1651 574 1835 605 excessibus

177 622 208 652 in
232 621 338 652 divine
355 622 531 653 maiestatis
549 622 704 653 offensam
721 633 937 663 magnamque
956 623 1131 663 reipublice
1150 624 1304 654 lesionem
1323 624 1574 655 redundantibus
1591 628 1625 656 ut
1642 625 1836 666 premittitur

135 683 160 701 ιο
178 672 408 704 occurrendum
433 677 480 704 est
506 676 655 714 potenter
678 678 710 703 et
738 673 887 706 utiliterk.
916 677 950 704 ut
974 685 1030 704 suo
1056 675 1238 715 prefocetur
1261 676 1291 705 in
1316 679 1387 706 ortu
1412 679 1476 706 tam
1501 676 1678 716 dampnosa
1702 677 1834 716 novitas,

176 724 426 765 procedendum,
451 728 665 755 memoratum
687 735 840 766 rogamus
857 725 1134 766 archiepiscopum
1160 737 1217 767 per
1234 727 1313 757 alias
1329 731 1453 758 nostras
1471 728 1592 758 litteras
1612 732 1644 758 et
1659 728 1834 767 hortamur,

176 775 281 806 eidem
307 775 529 806 nichilominus
546 787 604 817 per
620 776 798 817 apostoliea
815 777 932 817 scripta
950 777 1151 817 mandantes,
1176 781 1209 808 ut
1226 789 1289 808 una
1306 778 1468 809 vobiscum
1487 779 1621 820 aliisque
1640 780 1835 820 principibus

177 830 209 857 et
238 826 396 857 nobilibus
422 827 467 858 et¹
497 828 560 858 suis
588 830 620 858 et
644 838 753 858 eornm
779 828 923 858 vassallis
949 831 981 859 et
1009 828 1144 859 subditis
1171 839 1295 859 necnon
1320 830 1600 860 communitatibus
1625 833 1657 860 et
1679 831 1834 861 universi-

176 878 319 908 tatibus¹¹¹
349 879 526 913 civitatum,
558 882 749 919 castrorum,
781 879 971 921 oppidorum
998 884 1030 910 ct
1061 881 1196 911 aliorum
1226 881 1368 911 locorum
1398 881 1569 921 insignium
1598 881 1835 922 predictarum¹¹

135 939 158 956 ¹5
179 930 324 967 civitatis,
351 930 513 970 dioctesis)
539 934 571 961 et
595 931 756 972 provincie
782 931 1025 970 Treveren(sis),
1057 932 1097 962 de
1122 932 1236 973 quibus
1264 932 1323 962 sibi
1353 932 1529 973 expediens
1554 932 1724 967 videretur,
1755 943 1835 973 quos

176 981 217 1012 ad
242 981 302 1012 hoc
321 982 494 1022 requirere,
518 992 650 1013 monere
675 993 712 1013 ac
736 983 887 1013 inducere
912 986 944 1013 et
967 983 993 1013 si
1017 983 1101 1013 foret
1118 993 1259 1015 necesse.
1285 983 1502 1023 appellatione
1520 988 1663 1014 cessante
1687 994 1745 1024 per
1761 994 1835 1014 cen-

177 1042 282 1062 suram
308 1032 558 1063 ecclesiasticam
585 1033 708 1063 valeret
732 1034 938 1074 compellere.
964 1034 1004 1064 ad
1029 1035 1225 1065 amotionem
1250 1034 1407 1064 dictorum
1432 1034 1644 1075 pedagiorum
1669 1038 1700 1065 et
1724 1034 1834 1065 demo-

177 1082 321 1115 litionem
348 1083 459 1114 edititii
485 1083 569 1114 dicte
594 1085 688 1115 turris
712 1085 770 1115 viis
795 1088 827 1115 et
848 1084 951 1115 modis
969 1085 1133 1125 oportunis
1150 1085 1359 1126 spiritualiter
1376 1089 1406 1115 et
1425 1085 1645 1126 temporaliter
1661 1085 1833 1125 apostoliea

178 1135 369 1166 auctoritate
394 1135 540 1166 suffultus
565 1136 608 1166 sic
633 1136 769 1167 solerter
793 1136 968 1176 procedere
994 1140 1190 1177 procuraret,
1215 1136 1299 1176 qnod
1324 1137 1388 1166 suis
1413 1140 1444 1166 et
1468 1136 1604 1167 ecclesie
1628 1147 1683 1166 sue
1708 1147 1744 1167 ac
1761 1137 1834 1167 sub-

134 1192 160 1211 20
179 1186 315 1216 (litorum
341 1186 542 1227 aliorumque
566 1186 708 1217 fidelium
733 1187 857 1218 valeret
881 1188 1166 1229 indempnitatibus
1190 1199 1287 1229 super
1312 1188 1370 1218 biis
1394 1189 1568 1229 precaveri.

284 1241 311 1268 23.
348 1238 500 1274 Quocirca

565 1292 590 1320 1.
1419 1294 1447 1320 2.

175 1340 414 1371 universitatem
445 1344 582 1371 vestram
614 1352 794 1373 monemus.
825 1353 975 1383 rogamus
1030 1342 1255 1374 discretionem
1292 1346 1429 1373 vestram
1463 1352 1644 1374 monemus,
1687 1352 1836 1383 rogamus

176 1393 327 1423 attentius
351 1396 382 1423 et
407 1393 580 1427 hortamur,
1030 1398 1061 1425 et
1093 1394 1258 1425 hortamur
1291 1394 1458 1433 attentius,
1491 1393 1580 1424 vobis
1611 1394 1834 1424 nichilominus

133 1449 157 1468 25
1031 1456 1087 1486 per
1111 1446 1288 1486 apostolica
1312 1446 1430 1485 scripta
1454 1444 1653 1479 mandantes,

178 1496 324 1536 quatinus
354 1495 478 1536 prefato
507 1495 748 1537 archiepiscopo
781 1507 876 1537 super
905 1497 1056 1538 predictis
1086 1501 1118 1527 ct
1148 1508 1186 1527 ea
1211 1497 1416 1537 tangentibus
1440 1497 1483 1526 sie
1509 1501 1656 1537 prompte
1681 1496 1834 1527 assistatis

178 1550 227 1578 et⁰
252 1548 390 1587 pareatis
419 1551 450 1577 et
479 1548 654 1578 et'tieacitcr
678 1547 863 1580 intendatis,
893 1548 977 1589 quod
1008 1548 1165 1578 novitates
1195 1552 1227 1578 ct
1257 1548 1428 1578 insolencie
1457 1548 1600 1588 predicto
1626 1548 1696 1578 Deo
1720 1548 1833 1578 infeste

178 1599 287 1639 reique
318 1599 445 1629 utilitati
483 1598 609 1639 publice
641 1599 811 1639 plurimum
842 1600 921 1630 sieut
953 1600 1148 1640 premittitur
1185 1600 1352 1630 obviantes
1383 1603 1488 1629 vestro
1519 1600 1639 1630 anxilio
1672 1598 1833 1629 mediante

179 1649 330 1680 tollantur
361 1654 393 1680 ct
424 1654 613 1680 revocentur
644 1651 772 1680 omnino
805 1661 924 1691 vosque
955 1654 1086 1691 propter
1120 1651 1178 1680 boc
1211 1651 1344 1681 valeatis
1374 1650 1459 1691 apud
1490 1651 1592 1681 Deum
1626 1655 1655 1681 et
1689 1651 1833 1680 homines

133 1710 159 1729 ³0
178 1701 292 1731 merito
316 1702 542 1732 commendari.

285 1753 357 1783 Dat.
384 1754 578 1791 Avinionn'e),
604 1753 643 1783 X.
669 1753 739 1784 Kal.
766 1754 912 1794 Augusti,
938 1755 1141 1795 pontificatus
1166 1755 1264 1784 nostri
1289 1765 1372 1785 anno
1398 1753 1575 1785 undecimo.

249 1868 330 1902 319.
374 1867 527 1901 Litterae
555 1880 659 1912 super
687 1867 961 1903 r(¹(¹011ct'lialiouc
991 1868 1164 1902 [anlewici
1192 1868 1280 1910 rems
1311 1868 1447 1901 minime
1475 1870 1570 1911 farfa
1602 1867 1769 1901 anim-sis

808 1929 944 1962 missae.
1054 1928 1120 1962 Iul.
1142 1929 1197 1963 31.

285 1993 382 2032 Copia
407 1995 458 2031 (c.)
487 1993 518 2023 in
544 1993 744 2032 Reglestormu
772 1992 993 2024 raficam-nm
1019 1997 1089 2025 tom.
1111 1995 1169 2023 114.
1192 2004 1241 2024 m:
1260 1995 1310 2023 34.
1360 1992 1592 2031 lhrseripsimns
1615 2002 1681 2023 uos.

131 2068 157 2087 35
286 2053 333 2089 Cf.
359 2053 493 2089 sornmm
521 2053 635 2092 populo
659 2052 802 2084 Romana
830 2053 979 2083 ‹Io-cetam
1013 2053 1112 2083 Ia'ilwr
1137 2054 1155 2083 l.
1177 2064 1203 2084 τ’.
1225 2064 1257 2092 2»,
1273 2054 1337 2083 215
1364 2064 1413 2084 vr.
1430 2055 1507 2085 fissi:
1540 2051 1834 2090 I'reym·-Ree'nk-cns

169 2113 204 2142 21.
221 2105 284 2134 233
309 2114 357 2135 nr.
373 2106 445 2134 30¹7.

286 2181 533 2212 Venerabilibus
558 2180 708 2211 fratribus
731 2181 887 2211 universis
913 2181 1110 2221 patriarchis,
1139 2181 1389 2222 archiepiscopis
1414 2184 1445 2210 et
1470 2180 1629 2220 episeopis
1653 2190 1690 2210 ac
1715 2179 1768 2210 dil.
1792 2179 1833 2209 fil.

176 2231 356 2268 abbatibus,
375 2233 540 2273 prioribus.
559 2233 698 2268 decanis,
716 2233 898 2273 prepositiS,
916 2232 1157 2271 archidiaconis,
1177 2232 1463 2272 archipresbiteris.
1483 2231 1638 2272 plebanis,
1657 2230 1833 2262 rectoribus

176 2287 208 2314 et
237 2284 306 2314 aliis
335 2284 543 2314 ecclesiarum
572 2284 704 2324 prelatis
732 2284 782 2314 vel
812 2294 921 2314 eorum
952 2283 1239 2324 vicesgerentibus,
1271 2283 1419 2324 capitulis
1449 2293 1593 2323 quoquc,
1625 2281 1832 2312 conventibus

133 2349 159 2368 40
177 2335 356 2375 ceterisque
381 2336 526 2376 personis
551 2335 776 2366 ecelesiasticis
799 2335 996 2365 secularibus
1021 2339 1052 2366 et
1077 2335 1245 2376 religiosis,
1270 2335 1430 2375 exemptis
1454 2338 1486 2365 et
1503 2345 1564 2364 non
1583 2334 1741 2374 exemptis
1759 2343 1831 2363 nec—

176 2396 238 2416 non
262 2386 421 2417 nobilibus
445 2387 519 2417 viris
544 2386 691 2424 ducibus,
720 2386 972 2425 marchionibus,
1003 2387 1185 2424 comitibus,
1211 2386 1398 2423 baronibus,
1423 2385 1620 2423 senescallis,
1646 2384 1831 2419 rectoribus,

172 2436 363 2471 iusticiariis,
390 2438 611 2478 potestatibus,
637 2439 813 2479 capitaneis
837 2439 1018 2479 ceterisque
1044 2438 1180 2469 dominis
1206 2437 1446 2478 tempta-alibus,
1471 2436 1729 2467 universitatibus
1754 2446 1830 2475 quo-

175 2497 236 2528 que
261 2492 292 2518 et
317 2489 565 2519 comunitatibus
586 2490 760 2522 civitatum.
786 2494 972 2528 castrorum,
997 2489 1152 2526 villarum,
1178 2494 1333 2520 terrarum
1359 2493 1391 2519 et
1414 2489 1548 2519 aliorum
1572 2496 1831 2528 qu‹1›1·umcunque

174 2538 314 2570 locorum
339 2550 375 2570 ac
399 2541 470 2570 aliis
494 2542 647 2571 universis
672 2544 703 2571 et
727 2541 870 2581 singulis,
894 2541 935 2571 ad
960 2551 1039 2581 quos
1063 2544 1230 2581 presentes
1255 2541 1360 2570 littere
1385 2539 1599 2580 pervenerint.

134 2629 158 2647 45
279 2624 344 2650 318.
373 2626 398 2655 S)
423 2627 528 2651 tantis
548 2626 571 2651 2.
665 2626 689 2658 ¹¹)
713 2627 885 2652 attendentes
903 2626 927 2651 2.
1022 2626 1040 2657 ἰ)
1064 2627 1235 2658 perversis
1255 2625 1278 2650 ⁸2.
1378 2624 1402 2653 k)
1428 2625 1580 2649 viriliter
1600 2625 1622 2648 2.
1716 2623 1732 2651 ¹)
1752 2631 1786 2646 ac
1807 2621 1829 2646 ’2.

177 2666 208 2698 m)
228 2667 252 2691 in
273 2669 326 2692 loeo
347 2677 407 2693 raso
430 2669 450 2693 1.
540 2670 562 2699 ¹¹)
583 2670 752 2701 predictorum
775 2670 796 2693 1.
885 2670 908 2699 0)
929 2670 1090 2694 assisratis
1109 2674 1138 2694 et
1156 2669 1207 2693 des.
1227 2668 1250 2692 2.

280 2735 304 2767 1)
326 2735 368 2766 Cf.
384 2744 445 2769 ρπβ,
461 2740 510 2762 211*
529 2739 582 2762 not.
600 2741 620 2762 1.
