2205 3025
174 685 198 702 10

174 945 196 962 15

172 1201 197 1219 20

172 1713 197 1730 30

173 1969 196 1986 35

173 2380 198 2398 ⁴0

477 127 571 153 ACTA
593 126 703 152 REGNI
724 126 905 152 LUDEWICI
926 125 971 151 IV.
991 125 1035 151 ET
1057 125 1241 152 FRIDERICI
1263 126 1309 152 ΙΙΙ.
1350 126 1422 152 1:325».
1461 126 1561 153 N1-.91.
1581 128 1622 153 92.
1829 132 1868 157 (523

217 214 387 255 quicquam
413 213 451 244 de
476 213 537 244 illis
561 214 620 244 sibi
645 214 695 244 vel
720 213 772 244 alii
796 217 851 243 aut
875 213 945 243 aliis
968 223 1026 252 pro
1051 213 1118 253 ipso
1143 213 1318 246 solverent.
1349 214 1557 254 pronmlgatis
1585 214 1808 244 nichilominus
1838 219 1871 245 et

216 265 352 303 inflictis,
376 265 456 295 sicut
479 266 510 295 in
534 265 656 296 eisdem
674 264 886 305 processibus,
912 274 991 304 quos
1009 266 1158 304 presente
1176 264 1305 304 copiosa
1322 264 1464 295 fidelium
1482 265 1685 296 multitudine
1702 265 1870 296 habuimus

216 326 253 346 ac
277 315 365 357 affigi
390 317 477 346 ostiis
507 316 642 346 ecclesie
667 316 905 353 Avinionensis‚
932 319 965 345 ut
988 314 1028 345 ad
1053 325 1255 346 communem
1281 316 1421 346 omnium
1451 315 1686 347 deducerentur
1714 317 1870 351 notitiam,

217 367 349 397 fecimus
374 373 406 398 et
430 367 470 398 ad
496 367 637 398 diversas
665 367 773 397 mundi
804 370 912 407 partes
945 377 985 397 ex
1016 366 1289 407 superabundanti
1321 368 1552 398 transmisimus
1583 367 1807 408 public-andos.
1835 373 1869 398 ut

217 419 320 448 nullus
348 419 431 449 circa
462 430 517 449 eos
542 423 650 459 posset
674 419 852 459 ignorantie
882 421 1032 458 pretextu
1056 417 1203 448 velamen
1228 419 1444 449 excusationis
1469 429 1641 455 assumere,
1667 419 1726 449 hec
1751 422 1783 449 et
1806 419 1870 449 alia

217 469 343 510 plenius
368 473 400 500 et
422 470 572 500 seriosius
597 471 807 500 continentur.

325 523 353 551 2.
387 520 470 552 Sane
501 532 571 552 cum
608 521 692 551 idem
723 520 953 561 primogenitus
987 524 1137 560 pretextu
1168 520 1345 551 collationis
1376 520 1415 551 «le
1448 520 1533 551 dieto
1563 520 1782 551 marchionatu
1813 530 1870 561 per

217 572 354 603 eundem
386 572 501 603 ducem
525 575 649 613 patrem
679 582 768 602 suum
798 574 983 611 presumpte
1013 571 1052 601 de
1077 571 1176 608 facto,
1207 574 1242 601 ut
1272 572 1481 611 premittitur,
1514 572 1766 603 marchionatum
1797 582 1869 612 pre-

216 623 335 654 dictum
360 627 391 653 et
416 625 482 654 eius
506 624 584 658 iura,
610 623 684 654 licet
701 626 822 653 certum
846 623 896 661 sit,
920 621 1041 652 nullum
1066 623 1113 652 ius
1130 626 1280 662 pretextu
1305 622 1388 653 dicte
1407 622 1586 653 collationis
1610 623 1640 652 in
1665 623 1785 653 eisdem
1811 623 1870 653 sibi

217 678 412 715 competere,
437 676 564 707 nitatur,
589 675 670 704 sieut
694 674 855 711 asseritur,
881 673 1059 703 temerariis
1083 673 1211 704 ansibus
1236 684 1394 714 occupare.
1418 685 1474 704 seu
1499 678 1689 714 occupatum
1715 675 1872 705 violenter

216 730 248 755 et
274 727 444 756 temera-rie
469 726 624 758 detinere,
650 725 890 755 universitatem
915 727 1055 754 vestrum
1080 735 1261 762 monemus,
1286 735 1436 765 rogamus
1464 728 1496 755 et
1520 725 1684 755 hortamur
1707 726 1868 757 attentius.

216 776 306 807 vobis
330 777 553 808 nichilominus
577 780 609 806 et
633 779 772 806 vestrum
798 775 930 815 singulis
955 776 984 804 in
1003 775 1118 806 virtute
1142 780 1252 806 sancte
1270 776 1453 806 obedientie
1477 786 1515 807 ac
1539 776 1597 806 sub
1614 776 1764 817 predictis
1781 778 1870 817 penis

217 833 249 859 et
273 829 439 859 sententiis
463 828 635 858 districtius
660 826 854 867 iniungendo
879 826 1082 863 mandamus,
1112 827 1260 867 quatinus
1289 827 1393 857 eidem
1420 828 1632 867 primogenito
1662 838 1718 857 seu
1742 829 1795 858 alii
1819 828 1870 858 vel

216 880 287 910 aliis
311 880 379 910 eius
404 880 531 910 nomine
548 879 597 909 vel
616 878 766 909 mandato
791 882 941 918 tanquam
968 878 1143 908 marchioni
1169 889 1224 908 seu
1249 888 1345 918 super
1361 878 1519 919 aliquibus
1542 879 1662 909 iuribus
1686 879 1726 909 ad
1751 879 1868 909 dictum

216 931 472 961 marchionatum
497 930 715 971 spectantibus
739 930 920 960 nullatenus
946 929 1094 969 pareatis.
1120 928 1302 959 adhereatis
1327 940 1383 959 seu
1408 930 1556 970 prestetis
1581 940 1637 970 per
1661 940 1715 959 vos
1739 931 1789 960 vel
1814 940 1871 970 per

215 982 312 1012 alium
337 992 394 1013 seu
417 983 497 1012 alios
522 982 643 1012 directe
661 981 710 1012 vel
728 981 892 1015 indirecte,
917 981 1045 1021 publice
1062 980 1113 1010 vel
1130 981 1254 1011 occulte
1278 981 1443 1014 auxilium,
1469 982 1631 1011 consilium
1652 982 1700 1011 vel
1725 982 1869 1012 favorem

216 1044 274 1064 nec
296 1033 335 1064 de
366 1034 500 1069 iuribus,
532 1033 722 1068 redditibus,
756 1032 964 1073 proventibus
995 1042 1051 1062 seu
1083 1032 1327 1062 obventionibus
1363 1032 1605 1073 quibuscunque
1633 1032 1870 1062 marchionatus

216 1084 350 1125 predicti
374 1085 432 1115 sihi
458 1085 506 1115 vel
531 1085 608 1115 aliih
632 1087 687 1114 ant
710 1083 780 1114 aliis
804 1085 871 1114 eius
897 1084 1023 1114 nomine
1050 1083 1271 1123 respondeatis
1297 1084 1345 1114 vel
1376 1083 1496 1124 aliquid
1526 1083 1725 1123 persolvatis,
1776 1083 1869 1118 Quod

216 1136 241 1166 si
274 1137 465 1167 contrarium
496 1136 580 1177 quod
617 1136 700 1166 absit
729 1136 988 1176 presumpseritis
1019 1136 1130 1175 quovis
1160 1135 1270 1168 modo.
1306 1145 1416 1165 omnes
1445 1145 1543 1175 penas
1575 1139 1606 1165 et
1634 1135 1808 1165 sententias
1838 1135 1868 1164 iu

216 1188 417 1228 processibus
442 1187 631 1228 supradietis
655 1190 821 1217 contentas
846 1187 969 1227 plenius
994 1191 1026 1217 et
1050 1197 1219 1227 expressas
1245 1197 1300 1216 vos
1324 1187 1483 1216 ineurrere
1509 1186 1654 1216 volumus
1679 1186 1747 1226 ipso
1772 1186 1867 1218 facto.

217 1251 235 1269 a
262 1239 376 1280 quibus
401 1240 440 1270 ab
464 1240 527 1270 alio
553 1250 649 1280 quam
673 1251 692 1269 a
718 1239 862 1269 Romano
888 1239 1035 1279 pontifice
1061 1238 1205 1268 obtinere
1230 1238 1439 1268 absolutionis
1465 1237 1514 1267 vel
1539 1238 1746 1267 relaxationis
1770 1236 1869 1267 bene-

215 1291 335 1328 ficium,
367 1292 424 1321 nisi
450 1295 543 1332 prout
567 1291 746 1321 continetur
770 1291 799 1320 in
825 1291 901 1330 ipsis
927 1289 1143 1330 processibus,
1174 1290 1351 1330 nequeatis.
1404 1289 1475 1319 Non
1507 1288 1708 1318 obsta-ntilms
1739 1287 1868 1328 quibus-

215 1352 340 1382 cunque
365 1343 549 1382 privilegiis,
576 1342 791 1383 indulgentiis,
817 1342 928 1381 gratiis
952 1345 983 1371 et
1009 1342 1122 1371 litteris
1146 1341 1330 1381 apostolicis
1355 1341 1444 1370 vobis
1468 1351 1523 1370 seu
1549 1343 1688 1370 vestrum
1712 1339 1870 1380 aliquibus

214 1394 425 1424 communiter
450 1394 500 1424 vel
529 1393 654 1424 divisim
679 1393 736 1423 sub
767 1403 956 1433 ‹piat-unque
989 1394 1089 1423 forma
1115 1393 1164 1423 vel
1197 1393 1404 1433 expressione
1431 1391 1600 1422 verborum
1626 1391 1797 1428 eoncessis,
1831 1390 1870 1420 de

171 1456 188 1475 ⁴2.
216 1445 330 1486 quibus
355 1448 441 1475 esset
464 1446 493 1475 in
518 1444 719 1485 presentibus
745 1445 841 1474 etiam
866 1444 1014 1484 specialis
1045 1448 1077 1474 et
1101 1454 1255 1485 expressa
1279 1444 1400 1473 mentio
1426 1442 1585 1478 faeiemla,
1617 1452 1673 1472 seu
1702 1442 1726 1471 si
1751 1452 1769 1471 a
1793 1441 1870 1472 sede

215 1497 394 1536 apostoliea
418 1498 458 1526 sit
483 1496 654 1531 indultum,
680 1495 766 1536 quod
791 1506 845 1525 vos
870 1506 906 1525 ae
937 1495 1006 1525 loca
1030 1499 1136 1525 vestra
1160 1494 1317 1528 interdici,
1343 1493 1493 1534 suspendi
1518 1493 1567 1523 vel
1600 1493 1871 1523 excommunicari

217 1559 277 1578 non
302 1549 430 1588 possitis
455 1559 512 1588 per
535 1548 657 1578 litteras
681 1547 874 1588 apostolicas
900 1558 959 1577 non
986 1547 1140 1576 facientes
1165 1547 1291 1586 plenam
1317 1549 1349 1575 et
1373 1555 1559 1585 expressam
1584 1554 1620 1574 ae
1646 1543 1684 1573 de
1711 1544 1805 1574 verbo
1830 1544 1868 1573 ad

216 1599 348 1629 verbum
373 1600 413 1629 de
438 1599 560 1629 indulto
586 1599 765 1629 huiusmodi
792 1599 997 1629 mentionem.

324 1653 351 1681 3.
382 1650 424 1681 Et
452 1651 582 1691 insuper
606 1651 730 1680 dilectis
760 1651 831 1680 tiliis
857 1675 887 1680 ..
913 1650 1023 1680 abbati
1055 1649 1094 1679 ‹le
1126 1648 1356 1679 Marienwolde
1385 1652 1417 1677 et
1442 1672 1472 1678 ..
1499 1647 1661 1687 preposito
1691 1646 1730 1676 de
1756 1646 1869 1676 Gram-

216 1712 344 1732 zenwoe
370 1713 426 1743 per
451 1703 647 1743 prepositum
678 1702 761 1732 soliti
793 1702 964 1742 gubernari
995 1701 1259 1731 monasteriorum
1284 1700 1449 1730 Caminen.
1475 1699 1555 1728 dioc.
1582 1708 1617 1727 ae
1647 1697 1870 1727 archidiacom»

215 1753 432 1784 Paswalcensi
470 1754 500 1784 in
536 1754 672 1784 eeclesia
703 1754 885 1784 Caminensi
917 1758 947 1783 et
978 1763 1089 1783 eorum
1121 1752 1251 1782 cuilibet
1282 1752 1312 1782 in
1347 1750 1483 1781 solidum
1519 1749 1632 1779 nostris
1663 1749 1774 1779 damus
1802 1748 1871 1778 aliis

216 1805 348 1835 litteris¹
374 1806 405 1835 in
429 1806 600 1838 mandatis,
626 1810 658 1835 ut
684 1805 753 1834 illos
779 1816 818 1835 ex
837 1804 936 1843 vobis,
961 1815 1040 1845 quos
1057 1804 1207 1833 sciverint
1230 1808 1361 1843 propter
1386 1803 1539 1842 premissa
1564 1800 1695 1832 easdem
1719 1810 1817 1840 penas
1841 1805 1872 1829 et

215 1857 389 1887 sententias
417 1857 602 1891 incurrisse,
634 1856 675 1886 ad
699 1856 824 1886 illarum
855 1855 1104 1896 publicationem
1137 1858 1168 1885 et
1198 1855 1420 1885 executionem
1452 1857 1560 1883 eontra
1593 1863 1648 1883 eos
1676 1862 1732 1892 per
1762 1862 1796 1881 se
1821 1851 1869 1881 vel

216 1908 312 1938 alium
337 1919 394 1938 seu
419 1908 498 1938 alios
523 1908 698 1949 procedere
724 1918 785 1938 non
811 1909 968 1938 omittant.

327 1959 443 1990 Datum
468 1961 663 1999 Avintionel,
689 1960 760 1990 Kal.
788 1960 934 2000 Augusti.
960 1970 1042 1989 anno
1069 1969 1160 1988 norw.

399 2099 456 2133 9⁶2.
500 2099 654 2134 Litterae
682 2100 851 2134 imlicibns
878 2100 1027 2133 caresta«
1054 2100 1099 2132 ad
1127 2099 1212 2132 idem
1242 2101 1440 2141 spatamtas.
1549 2096 1639 2136 Aust.
1660 2096 1690 2127 1.

332 2171 427 2210 Copia
445 2171 557 2202 ibiclmn.
573 2174 643 2202 lom.
660 2172 723 2201 113
737 2171 789 2210 fol.
808 2173 867 2201 17&
883 2182 931 2202 ur.
948 2173 1039 2203 1⁰42.
1078 2171 1158 2201 Item
1174 2171 1339 2209 (Inscripsit
1356 2169 1551 2209 Poyatscher.
1571 2185 1611 2190 ——
1636 2167 1805 2198 Im'de'tum.

327 2231 404 2271 Regs.
431 2231 531 2262 Lo'laer
555 2231 617 2262 loco
640 2242 737 2270 supra.
761 2232 805 2262 ad
826 2243 875 2262 nr.
892 2234 914 2261 :2
936 2233 1032 2263 citato
1050 2243 1084 2271 2».
1101 2232 1163 2262 265
1187 2242 1237 2264 ur.
1254 2232 1335 2262 313.-
1359 2231 1501 2262 Selmddt
1525 2230 1542 2260 l.
1560 2240 1584 2260 e.
1605 2229 1628 2261 Iv
1647 2230 1709 2258 166
1731 2238 1779 2258 m:
1798 2228 1867 2257 190.

324 2318 386 2348 Dil.
404 2318 446 2348 fil.
468 2342 495 2348 ..
521 2318 630 2349 abbati
655 2318 694 2348 de
720 2317 949 2348 Marienwolde
974 2321 1006 2347 et
1031 2342 1062 2348 ..
1088 2319 1250 2358 preposito
1276 2316 1315 2347 de
1341 2316 1570 2347 Gramzenwoe
1594 2325 1650 2355 per
1674 2313 1869 2354 prepositum

217 2369 301 2400 soliti
325 2369 495 2410 gubernari
521 2370 785 2400 monasteriorum
803 2369 967 2399 Caminen.
986 2368 1067 2399 dioc.
1092 2380 1128 2399 ae
1147 2394 1152 2399 .
1173 2393 1178 2398 .
1196 2368 1421 2399 archidiacono
1439 2367 1654 2397 Paswalcensi
1680 2366 1708 2395 in
1733 2364 1869 2395 ecclesia

216 2421 408 2451 Camiilensi.

327 2475 353 2503 1.
378 2472 466 2502 Sicut
483 2472 523 2502 ad
541 2475 677 2502 vestram
695 2475 726 2502 et
743 2482 945 2502 communem
963 2471 1099 2502 aliorum
1117 2472 1267 2502 noticiam
1286 2474 1345 2501 etc.
1363 2474 1402 2499 ut
1427 2480 1465 2499 su
1474 2480 1492 2509 p
1501 2479 1538 2499 ra
1562 2478 1680 2508 usque
1698 2466 1868 2499 detinere-¹,

216 2534 273 2554 nos
302 2523 355 2554 dil.
380 2523 421 2554 fil.
447 2522 571 2554 nobiles
595 2524 692 2554 viros.
724 2523 888 2553 universos
912 2522 1064 2553 vassallos
1093 2532 1215 2553 necnon
1245 2522 1489 2553 communitates
1519 2523 1551 2550 et
1578 2518 1802 2549 universitates
1832 2525 1868 2545 ac

218 2575 354 2615 populos
390 2575 570 2611 civitatum,
605 2579 796 2609 castrorum,
834 2578 1004 2607 terrarum,
1039 2574 1184 2604 villarum
1221 2577 1252 2604 et
1287 2574 1421 2603 aliorum
1458 2572 1599 2601 loc-orum
1634 2568 1869 2600 marchionatus

321 2668 368 2695 91.
396 2668 420 2699 ¹³)
441 2670 497 2694 aliis
517 2678 536 2693 c,

323 2737 346 2767 l)
368 2736 450 2770 Infra
471 2745 513 2762 'mu
528 2742 568 2762 112.
656 2737 682 2764 ¹2>
704 2737 794 2768 Supra
814 2737 830 2762 l.
847 2741 881 2762 11.
