2205 3025
205 489 236 502 nr.
251 485 287 503 602
296 483 322 502 A.

260 737 317 756 1329.

265 762 316 786 Apr.

271 1665 323 1685 ibid.

339 108 398 137 504
612 102 707 129 ACTA
728 101 839 127 REGNI
859 100 1044 126 LUDEWICI
1064 100 1110 126 IV.
1130 100 1176 126 ET
1196 98 1380 126 FRIDERICI
1400 99 1447 125 ΙΙΙ.
1484 99 1559 126 1329.
1596 99 1644 126 Nr.
1657 99 1715 126 603.

632 216 718 250 603.
758 216 907 250 Domitio
936 216 1053 249 eadem
1080 215 1116 248 ‘in
1145 215 1261 258 forma
1291 214 1427 248 maiori.
1531 214 1610 248 Izm.
1627 215 1686 248 21.

443 289 603 328 Orlye’nale
627 289 651 320 C
686 299 784 320 manu
818 291 853 319 ut
879 289 1002 319 videtur
1036 287 1150 319 Italica
1181 288 1389 326 conscriptum
1427 287 1539 318 ibidem
1570 287 1675 327 ‘Cape
1703 287 1784 319 Oblii
1813 288 1986 319 izo-‚19051

339 341 535 372 (humilimus
561 351 624 371 2208.
671 340 769 371 Balla
791 350 890 371 aurea
913 340 1006 370 iuxta
1027 342 1180 376 servatur,
1203 339 1268 378 filis
1292 339 1473 379 deperditis.

447 400 531 439 Quae
555 400 740 430 conveniunt
763 410 833 430 cum
856 410 904 430 nr.
923 399 985 429 602
1008 399 1036 429 A
1061 401 1089 429 et
1112 399 1148 436 B,
1173 399 1255 439 typis
1277 398 1451 430 minoribus
1473 408 1604 429 eoecussa
1627 401 1710 429 sunt.

439 475 664 515 {iliussdowicusa
683 480 733 506 Dei
752 481 845 513 gratia
865 480 1049 506 Romanorum
1069 480 1223 513 imperator
1241 488 1348 512 semper
1368 481 1511 513 augustus.

444 532 467 560 1,
494 531 628 562 Quoniam
648 532 803 565 imperialis
822 531 954 558 maiestas
973 540 1082 566 semper
1101 531 1198 558 extitit
1216 531 1342 558 liberalis
1366 531 1422 556 suis
1445 530 1573 557 fidelibus
1592 533 1621 557 et
1640 531 1761 562 devotis,
1783 531 1989 558 considerantes

337 583 500 609 fidelitatem
520 586 548 610 et
568 583 752 614 devotionem,
772 592 854 616 quam
875 592 941 617 erga
959 592 1009 609 nos
1028 585 1056 609 et
1075 585 1183 609 nostros
1203 584 1391 609 antecessores
1410 591 1442 608 ac
1461 590 1570 608 sacrum
1591 582 1747 608 Romanum
1766 582 1914 616 imperium
1928 583 1989 610 Cre·

337 644 480 661 monenses
499 635 634 661 hactenus
653 635 822 665 habuerunt,
848 636 876 661 et
900 634 1014 661 servitia
1034 635 1062 660 et
1081 634 1210 665 honores,
1238 642 1291 666 que
1316 633 1351 659 ab
1378 633 1446 667 ipsis
1465 633 1553 659 nostri
1572 634 1760 659 antecessores
1780 633 1937 667 antiquitus
1957 643 1989 660 ac

338 695 384 712 nos
405 687 437 712 de
457 686 578 719 presenti
599 686 764 720 recepimus,
788 688 816 712 et
835 685 996 719 specialiter
1015 685 1191 711 venientibus
1210 684 1290 710 nobis
1310 684 1343 710 de
1363 683 1465 710 Tuscia
1484 684 1512 710 in
1534 693 1607 710 anno
1628 684 1737 711 Domini
1762 684 1911 711 millesimo
1937 687 1988 712 tre-

340 738 489 764 centesimo
510 737 644 770 vigesimo
663 746 747 767 nono,
767 746 859 764 mense
878 737 996 770 Aprilis,
1024 737 1058 763 ad
1085 736 1251 770 capiendum
1275 735 1426 762 dominium
1451 735 1577 762 civitatis
1596 735 1748 761 Mediolani
1772 735 1800 761 in
1825 737 1919 762 nostro
1943 736 1988 762 ad-

339 790 423 814 ventu
448 797 495 814 nos
519 788 667 814 honorifice
693 790 868 822 receperunt,
898 788 999 814 Padum
1026 787 1242 818 transducendo,
1272 787 1300 812 in
1325 786 1441 813 civitate
1470 795 1562 812 eorum
1586 789 1745 813 reverenter
1772 789 1801 813 et
1828 787 1989 813 obedienter

336 840 510 874 suscipiendo
530 842 558 867 et
578 840 694 866 ulterius
714 848 763 873 per
782 839 889 865 Aduam
909 848 941 865 ac
962 839 1032 865 alios
1052 847 1149 872 passus
1169 839 1207 865 eis
1227 838 1375 871 possibiles
1394 838 1504 864 solicite
1523 838 1697 868 deducendo,
1717 838 1861 864 nobiscum
1881 847 1989 872 semper

337 891 567 917 commitantibus
586 891 673 918 nobili
695 891 753 916 viro
774 890 894 916 Ponzino
915 891 948 916 de
968 890 1142 916 Ponzonibus
1161 889 1252 915 milite
1277 889 1435 915 consiliario
1459 891 1488 915 et
1513 889 1649 915 familiari
1673 892 1766 915 nostro
1791 889 1865 916 fideli
1886 889 1988 916 dilecto

336 951 368 967 ac
388 942 451 968 aliis
475 942 600 975 pluribus
624 942 764 968 nobilibus
788 942 863 968 dicte
888 942 1016 968 civitatis
1037 941 1169 968 cremone
1195 941 1228 967 de
1254 949 1387 967 consensu
1413 942 1441 967 et
1465 941 1597 967 mandato
1622 941 1709 974 ipsius
1735 941 1872 972 civitatis,
1902 943 1929 968 et
1957 943 1988 968 ut

336 994 506 1020 merentibus
525 994 626 1021 merita
644 994 811 1026 tribuamus⁷
836 996 928 1020 nostro
948 994 1061 1027 proprio
1082 995 1157 1019 motu
1177 995 1206 1019 et
1225 1002 1257 1019 ex
1277 995 1353 1019 certa
1372 993 1490 1019 scientia
1510 993 1542 1019 de
1568 993 1661 1026 gratia
1685 992 1801 1026 speciali
1821 991 1905 1019 dictis
1924 992 1987 1019 Cre-

336 1045 512 1071 monensibus
532 1048 559 1072 et
579 1046 689 1071 comuni
708 1045 839 1072 Cremone
859 1054 939 1071 omne
958 1045 1001 1071 ius
1020 1047 1045 1072 et
1067 1044 1295 1075 iurisdictionem,
1317 1044 1390 1077 quod
1410 1046 1438 1070 et
1458 1053 1541 1078 quam
1562 1044 1700 1070 habemus
1713 1053 1746 1070 ac
1759 1046 1833 1070 retro
1848 1043 1988 1077 principes

336 1097 494 1122 habuerunt
513 1097 540 1122 in
561 1097 671 1123 flumine
686 1097 747 1123 Olei
766 1099 795 1123 et
814 1096 841 1122 in
860 1096 928 1122 rivis
947 1097 983 1122 ab
1003 1099 1121 1129 utraque
1141 1098 1221 1129 parte
1241 1096 1311 1122 dicti
1331 1095 1466 1126 fluminis,
1495 1096 1591 1121 damus
1611 1098 1640 1122 et
1659 1095 1835 1122 concedimus
1854 1095 1882 1121 in
1904 1095 1988 1128 privi-

337 1147 439 1181 legium
459 1148 542 1181 pleno
562 1148 628 1179 iure,
647 1150 784 1181 quatenus
804 1148 964 1174 extenditur
982 1147 1153 1174 territorium
1169 1147 1358 1173 Cremonense.
1388 1147 1432 1173 Ita
1446 1147 1519 1180 quod
1539 1146 1625 1173 etiam
1640 1147 1715 1173 dicto
1735 1147 1847 1173 comuni
1863 1148 1891 1173 et
1905 1146 1989 1173 dictis

336 1199 438 1225 nostris
458 1199 584 1225 fidelibus
604 1199 637 1225 de
657 1199 790 1225 Cremona
810 1199 894 1224 liceat
914 1198 1016 1224 dictam
1037 1207 1137 1231 aquam
1159 1197 1219 1223 Olei
1239 1206 1288 1231 per
1307 1206 1401 1223 eorum
1421 1197 1591 1224 territorium
1615 1199 1644 1224 et
1669 1197 1826 1224 districtum
1851 1198 1886 1224 ad
1910 1207 1988 1231 quas-

338 1259 454 1282 cumque
474 1252 568 1283 partes
588 1250 727 1276 voluerint
746 1250 773 1275 in
793 1258 886 1276 eorum
906 1249 1077 1275 territorium
1091 1249 1216 1275 derivare
1236 1250 1264 1275 et
1283 1249 1368 1275 etiam
1383 1257 1432 1282 per
1445 1249 1569 1275 alienum
1587 1249 1746 1275 districtum
1761 1251 1789 1275 et
1808 1249 1987 1280 territorium,

337 1301 359 1326 si
381 1301 555 1335 oportunitas
574 1310 601 1327 se
621 1301 764 1332 obtulerit,
784 1302 810 1326 in
830 1301 935 1327 dictum
955 1300 1125 1327 territorium
1140 1300 1280 1330 Cremone,
1301 1300 1329 1325 iu
1347 1309 1400 1333 quo
1420 1309 1485 1326 casu
1506 1300 1611 1326 (lictum
1631 1300 1802 1326 territorium
1815 1300 1937 1327 alienum
1958 1301 1986 1327 in

338 1361 371 1378 ea
390 1354 470 1386 parte
490 1353 598 1378 comuni
619 1355 647 1378 et
666 1352 852 1378 iurisdictioni
873 1352 1006 1378 Cremone
1026 1352 1186 1378 subicimus.
1224 1352 1285 1377 Non
1310 1352 1440 1377 obstante
1464 1352 1525 1385 lege
1552 1351 1649 1384 aliqua
1672 1355 1701 1378 et
1724 1352 1844 1378 maxime
1865 1352 1915 1378 illa
1935 1361 1988 1386 que

338 1404 402 1429 litte
422 1404 559 1437 pendente
580 1404 711 1437 prohibet
729 1403 888 1437 supplicare
908 1403 1036 1437 principi.
1075 1403 1272 1429 Concessiones
1291 1405 1319 1429 et
1338 1403 1405 1429 data
1429 1403 1517 1428 factas
1537 1404 1565 1429 et
1589 1403 1664 1428 facta
1684 1399 1723 1430 de
1749 1399 1832 1430 die-to
1856 1400 1987 1431 flumine

339 1451 411 1482 Olei
435 1454 467 1482 et
490 1452 566 1492 ripis
590 1453 658 1482 eius
681 1457 824 1489 aliquibus
848 1456 975 1490 personis
1005 1456 1188 1489 specialibus,
1213 1455 1334 1489 collegio
1358 1455 1402 1481 vel
1433 1455 1614 1481 universitati
1638 1457 1667 1481 et
1690 1455 1852 1488 specialiter
1876 1456 1988 1482 comuni

338 1508 366 1532 et
386 1506 542 1532 bominibus
561 1506 593 1531 de
614 1506 708 1532 Brixia
727 1507 771 1533 vel
791 1507 866 1532 dicto
886 1506 996 1532 comuni
1017 1506 1109 1532 Brixie
1130 1506 1173 1531 vel
1193 1505 1264 1531 ῥέ511111
1290 1514 1405 1539 persone
1425 1514 1517 1531 eorum
1538 1506 1648 1532 nomine
1668 1514 1716 1539 per
1736 1505 1896 1532 Heinricum
1920 1506 1987 1531 olim

338 1559 535 1591 imperatorem
561 1559 785 1592 predecessorem
809 1561 936 1585 nostrum
961 1558 992 1585 91]
1017 1555 1096 1585 alios
1121 1554 1367 1595 predecessores
1391 1557 1515 1584 nostros
1533 1559 1676 1584 cassantes
1693 1559 1722 1584 et
1738 1558 1910 1584 auctoritate
1928 1567 1987 1592 pre-

337 1609 424 1634 sentis
443 1609 585 1642 privilegii
605 1609 715 1642 penitus
734 1609 886 1635 irritantes.

442 1660 469 1687 2.
495 1660 682 1687 Concedentes
702 1661 813 1694 insuper
832 1660 1060 1687 Cremonensibus
1079 1661 1230 1686 antedictis
1250 1662 1278 1686 et
1301 1669 1395 1686 eorum
1420 1659 1529 1685 comuni
1556 1659 1712 1685 rationibus
1737 1659 1890 1685 antedictis
1910 1668 1989 1686 omne

340 1711 381 1737 ius
401 1713 429 1737 et
448 1711 678 1743 iurisdictionemy
698 1713 769 1745 quod
791 1714 818 1738 et
837 1721 920 1744 quum
943 1712 1078 1738 habemus
1102 1721 1133 1737 ac
1159 1709 1245 1737 nostri
1270 1713 1457 1737 antecessores
1482 1711 1563 1744 pleno
1589 1710 1648 1736 iure
1673 1711 1808 1736 hactenus
1832 1711 1990 1737 habuerunt

338 1763 365 1787 in
385 1763 484 1788 castris
503 1772 549 1789 seu
570 1763 636 1789 locis
651 1763 776 1789 Vaslalle
796 1766 824 1789 et
844 1763 957 1789 Luzarie
978 1765 1006 1788 et
1025 1772 1116 1790 eornm
1138 1764 1165 1789 et
1185 1763 1332 1789 cuiuslibet
1347 1771 1439 1788 eornm
1460 1761 1615 1791 territoriis,
1635 1761 1812 1795 pertinentiis
1832 1763 1860 1787 et
1880 1761 1988 1787 distric-

316 1822 322 1828 ·
337 1814 420 1841 tibusv
441 1814 481 1839 ita
501 1816 529 1840 et
553 1814 650 1840 taliter
673 1814 745 1847 quod
765 1814 848 1840 dictis
869 1815 1098 1841 Cremonensibus
1117 1816 1146 1841 et
1165 1823 1257 1840 eorum
1273 1814 1382 1839 comuni
1402 1814 1487 1839 liceat
1500 1813 1583 1839 dictis
1603 1813 1672 1839 locis
1686 1815 1714 1839 et
1728 1813 1826 1838 castris
1845 1821 1877 1839 ac
1897 1821 1989 1839 eorum

273 2281 327 2300 ibi-l.

340 1867 369 1890 ot
388 1865 537 1891 cuiuslibet
557 1874 647 1891 eorum
669 1865 815 1891 territoriis
835 1866 944 1895 utifruiv
969 1869 999 1892 ut
1020 1865 1075 1899 ipsi
1094 1868 1123 1891 et
1143 1874 1235 1892 eorum
1255 1867 1442 1891 antecessores
1461 1865 1596 1890 hactenus
1616 1867 1824 1890 consueverunt.
1862 1864 1924 1890 Non
1944 1865 1989 1890 ob-

340 1917 479 1942 stantibus
499 1917 639 1949 aliquibus
659 1917 880 1943 c·‚›ucessi0nib11s
900 1926 947 1943 seu
968 1917 1042 1943 datis
1061 1917 1144 1942 factis
1165 1917 1208 1943 rel
1229 1916 1363 1942 concessis
1388 1925 1437 1949 per
1461 1925 1510 1942 nos
1531 1916 1573 1942 vel
1598 1924 1646 1949 per
1671 1915 1809 1948 prefatum
1830 1915 1989 1941 Heinricum

342 1967 536 2000 imperatorem
557 1969 776 2001 predecessorem
797 1971 920 1995 nostrum
941 1978 987 1995 seu
1009 1978 1056 2002 per
1076 1969 1145 1994 alios
1164 1971 1272 1995 nostros
1292 1969 1499 2002 predecessores
1526 1967 1552 1993 in
1577 1968 1687 2000 aliquas
1706 1975 1845 2000 personas
1870 1967 1990 2001 collegia

342 2018 384 2044 vel
405 2019 600 2045 universitates
620 2022 647 2045 et
667 2020 828 2053 specialiter
847 2020 874 2045 in
895 2020 1047 2046 Gubcrtum
1069 2020 1134 2045 olim
1157 2021 1190 2046 de
1205 2019 1316 2053 Corigia
1335 2020 1368 2046 de
1387 2020 1487 2045 Parma
1506 2019 1619 2051 eiusque
1639 2018 1752 2045 heredes
1772 2020 1800 2044 et
1819 2027 1989 2044 successores

342 2072 369 2095 et
389 2069 563 2101 Raynaldum
583 2071 721 2103 qnondam
740 2071 846 2096 dictum
867 2071 1041 2098 Passerinum
1067 2072 1100 2097 de
1123 2071 1281 2097 Bonacolsis
1305 2071 1337 2096 de
1357 2071 1474 2097 Mantua
1493 2072 1521 2096 et
1544 2070 1603 2096 eius
1623 2069 1735 2095 heredes
1760 2071 1788 2095 et
1811 2078 1989 2095 successores.

342 2121 402 2146 Non
424 2121 600 2147 obstantibus
619 2122 761 2154 aliquibus
780 2122 853 2148 datis
872 2124 901 2148 et
920 2123 1144 2149 concessionibus
1167 2123 1252 2149 etiam
1272 2122 1354 2148 factis
1378 2122 1405 2147 in
1431 2121 1569 2155 predictos
1589 2121 1741 2147 Gubertum
1766 2123 1794 2146 et
1814 2120 1987 2146 Passerinum

341 2172 436 2205 aliquo
456 2175 579 2206 tempore
600 2182 647 2206 per
668 2174 861 2200 Cremonenses
880 2183 926 2200 seu
947 2183 1090 2200 commune
1110 2166 1249 2203 Cremone,
1268 2182 1337 2206 quas
1357 2182 1450 2199 onmes
1470 2172 1660 2199 concessiones
1680 2174 1708 2198 et
1727 2172 1794 2198 data
1820 2171 1990 2198 auctoritate

343 2224 477 2257 presentis·
497 2224 637 2257 privilegii
658 2234 804 2255 cassamnS,
825 2225 965 2251 irritamus
985 2225 1042 2255 (M.)
1062 2227 1090 2251 et
1110 2225 1213 2250 nullius
1232 2225 1365 2250 momenti
1385 2233 1444 2250 esse
1463 2223 1642 2250 decernimus.

447 2274 473 2302 3,
499 2275 659 2301 Statuentes
679 2278 707 2301 et
726 2275 864 2309 imperiali
886 2276 977 2301 edicto
996 2276 1179 2306 sanctientes,
1205 2278 1234 2301 ut
1253 2284 1341 2308 neque
1361 2275 1588 2308 archiepiscopus
1613 2273 1715 2306 aliquis
1734 2283 1823 2307 neque
1843 2274 1990 2307 episcopus

343 2334 431 2359 neque
455 2326 509 2351 dux
534 2335 623 2358 neque
647 2326 770 2352 marchio
796 2336 884 2359 neque
909 2335 999 2352 comes
1022 2336 1111 2360 neque
1136 2327 1300 2360 capitaneus
1324 2335 1412 2360 neque
1434 2326 1575 2352 valvassor
1593 2335 1681 2359 neque
1704 2327 1794 2352 rector
1819 2325 1922 2358 aliquis
1941 2327 1990 2352 aut

343 2379 467 2410 potestus
486 2377 581 2410 aliqua
600 2386 687 2409 neque
708 2378 832 2403 consules
856 2378 943 2410 aliqui
968 2386 1056 2410 neque
1081 2378 1181 2404 civitas
1206 2378 1301 2410 aliqua
1325 2379 1375 2403 aut
1399 2386 1512 2403 comune
1537 2377 1661 2403 civitatis
1683 2377 1796 2410 aliquod
1821 2379 1870 2403 aut
1894 2377 1990 2409 aliqua

342 2429 461 2461 denique
480 2438 597 2462 persona
617 2438 705 2462 parva
725 2430 767 2455 vel
788 2439 897 2463 magna,
918 2430 1049 2455 secularis
1070 2431 1113 2456 vel
1134 2430 1325 2456 ecclesiastica
1344 2429 1409 2455 huic
1423 2431 1516 2455 nostro
1537 2428 1683 2462 privilegio
1698 2428 1811 2454 obviare
1826 2431 1875 2454 aut
1894 2428 1989 2460 aliquo

342 2480 510 2506 temeritatis
529 2489 597 2505 ausu
617 2482 758 2513 presumat
778 2481 858 2506 eumb
879 2481 1030 2514 infringere
1050 2482 1099 2506 ant
1122 2481 1279 2514 seperlictos
1299 2481 1494 2507 Cremonenses
1518 2482 1545 2506 et
1569 2488 1660 2506 eorum
1681 2488 1794 2505 comune
1814 2479 1842 2504 111
1864 2479 1990 2505 omnibus

342 2539 394 2563 que
417 2530 494 2556 dieta
513 2533 576 2556 sunt
596 2531 691 2564 aliquo
711 2531 823 2557 lesionis
843 2532 923 2557 modo
943 2533 1106 2565 perturbare
1126 2535 1175 2558 aut
1196 2533 1343 2559 molestare
1368 2533 1530 2565 attemptet.
1568 2531 1646 2560 Quod
1665 2530 1713 2563 qui
1736 2529 1841 2561 fecerit,
1862 2530 1990 2564 indigna-

342 2581 445 2607 tionem
466 2584 586 2607 nostram
611 2584 639 2608 et
659 2591 758 2615 penam
784 2583 931 2615 sexaginta
957 2584 1090 2609 librarum
1115 2584 1175 2609 auri
1200 2584 1261 2617 puri
1286 2593 1314 2610 se
1340 2583 1450 2609 noverit
1470 2583 1653 2613 incursurum,
1679 2581 1857 2608 medietatem
1883 2589 1990 2607 camere

343 2635 434 2658 nostre
454 2635 479 2658 et
501 2633 636 2665 reliquam
658 2633 836 2659 medietatem
856 2634 945 2667 passis
965 2635 1094 2660 iniuriam
1115 2635 1332 2668 persolvendam.

446 2710 512 2736 603.
541 2716 563 2742 a)
584 2712 755 2735 LVdouuicus
776 2713 800 2736 Γ.
890 2712 914 2733 b)
934 2712 969 2735 ita.
989 2714 1015 2737 (J,

2009 745 2033 763 10

2007 1002 2030 1020 15

2007 1259 2032 1277 20

2007 1514 2031 1533 25

2007 1775 2033 1794 30

2009 2032 2035 2051 ³5

2009 2288 2035 2306 40

2008 2543 2035 2561 45
