2205 3025
602 171 697 198 ACTA
718 172 829 198 REGNI
850 172 1032 199 LUDEWICI
1053 172 1098 199 1V.
1137 173 1211 199 1330.
1249 172 1296 199 Nr.
1311 173 1368 199 777.
1389 173 1446 200 TTS.
1789 177 1851 208 659

307 257 514 299 Imperialem
539 259 686 289 convenit
702 259 906 290 maiestatem
925 258 1137 290 hereticorum
1162 260 1313 300 precipue
1339 263 1370 290 et
1394 260 1572 291 sauctorum
1597 260 1737 301 ipsorum
1754 261 1855 292 auda-

203 310 284 340 ciam
310 319 468 340 coercere.
515 309 679 351 Ideoqueb
703 321 773 341 cum
799 311 935 342 Iacobus
964 311 1004 342 de
1033 311 1182 351 Caturco,
1206 312 1259 352 qui
1284 321 1318 342 se
1343 335 1375 342 ..
1400 311 1578 342 Iohannem
1604 323 1720 353 papam
1745 313 1853 344 XXII.

202 360 366 401 appellare
390 361 554 402 presumit,
578 361 609 391 in
633 361 741 392 multis
764 362 860 393 fuerit
876 362 1042 393 heresibus
1065 363 1189 393 notorie
1207 362 1438 403 deprehensus,
1465 367 1597 404 propter
1621 364 1706 405 quod
1731 367 1856 395 constat

201 413 304 452 ipsum
330 422 387 453 per
411 423 517 443 sacros
541 423 679 443 canones
703 424 722 444 a
745 413 888 454 generali
912 414 1060 452 concilio,
1085 414 1172 454 quod
1196 414 1226 444 in
1251 424 1347 444 causa
1373 414 1447 444 fidei
1471 415 1574 445 eciam
1600 425 1685 456 papa
1709 416 1855 456 superius

169 474 180 492 ει
201 474 271 495 esse
296 463 480 503 dinoscitur,
512 464 732 505 promulgatos
762 468 795 495 et
817 466 903 495 omni
928 465 1145 496 ecclesiastica
1169 465 1325 506 dignitate
1354 475 1392 496 ac
1416 468 1578 506 potestate
1609 469 1640 497 et
1663 467 1855 498 auctoritate

196 516 356 556 privatum
369 516 390 554 ¹,
414 515 504 546 vobis
527 515 670 546 districte
695 516 901 556 precipiendo
926 516 1127 555 mandamus,
1152 520 1309 557 quatenus
1333 516 1513 557 predicti..
1532 517 1641 548 Iacobi
1658 517 1698 548 de
1716 518 1854 549 Catureo

198 567 368 598 sentenciis
392 567 441 597 vel
466 566 626 597 mandatis
649 566 905 608 quibuscunque,
938 578 999 608 que
1030 567 1146 598 nullius
1174 571 1246 598 sunt
1273 568 1397 599 roboris
1421 569 1472 599 vel
1506 570 1675 608 momenti,
1709 570 1856 601 audeatis

198 617 380 648 nullatenus
407 617 549 648 obedire.
596 617 696 648 Vobis
727 619 859 650 firmiter
886 619 1089 660 iniungentes
1120 619 1178 650 sub
1208 622 1341 660 optentu
1372 623 1478 650 nostre
1510 621 1631 660 gracie,
1660 624 1695 651 ut
1724 624 1856 662 propter

200 668 316 709 prefati
342 693 374 700 ..
396 667 507 711 Iacobi
532 668 572 699 de
597 668 734 700 Caturco
759 670 810 700 vel
834 670 965 700 alterius
995 669 1131 701 faventis
1155 670 1261 702 eidem
1286 674 1474 711 preceptum
1499 672 1549 702 vel
1576 672 1764 703 mandatum
1800 675 1855 703 aut

156 729 180 748 ιο
199 720 395 751 sentenciam
425 720 681 761 qualemcunque
713 720 827 751 fratres
851 720 1077 751 Predicatores
1105 722 1332 752 monasterium
1365 726 1420 752 aut
1451 723 1624 753 claustrum
1649 723 1699 754 vel
1728 723 1854 755 habita-

199 772 323 802 cionem
348 771 488 812 aliquam
516 772 547 801 in
571 775 677 802 vestra
705 772 834 802 civitate
864 773 988 803 noviter
1011 776 1195 804 construere
1220 773 1349 804 minime
1383 774 1590 814 permittatis,
1622 775 1797 815 quinimmo
1829 776 1854 806 si

200 826 332 864 propter
354 823 551 854 sentenciam
575 822 715 864 aliquam
740 824 789 854 vel
815 823 1000 854 mandatum
1025 823 1100 854 dicti
1124 824 1234 855 Iacobi
1265 825 1398 855 heretici
1423 825 1587 866 inceptum
1612 825 1722 865 fuerit,
1758 827 1854 857 cicius

200 874 380 906 destruatis
448 874 485 904 In
502 884 637 915 quorum
655 875 795 905 omnium
814 875 1030 905 testimonium
1048 879 1214 915 presentes
1231 876 1353 907 litteras
1371 876 1437 907 fieri
1462 876 1683 908 mandavimus
1701 881 1733 908 et
1750 878 1854 918 sigillo

197 930 306 957 nostro
331 926 490 966 imperiali
511 925 644 957 fecimus
668 926 866 956 communiri.

155 985 178 1003 15
306 977 391 1008 Data
415 977 517 1018 Spire,
543 977 633 1008 VIII.
659 977 735 1008 Idus
758 977 850 1015 Iunii,
875 988 958 1008 anno
983 977 1111 1008 Domini
1136 977 1362 1017 MCCCXXX,
1387 980 1476 1019 regni
1502 980 1618 1010 nostric
1639 990 1721 1011 anno
1746 984 1853 1012 sexto-

199 1028 334 1069 decimo,
359 1029 484 1070 imperii
508 1039 583 1060 vero
607 1030 716 1060 tercio.

565 1157 744 1188 778—780.
781 1155 1004 1186 LITTERAE
1028 1155 1075 1186 IN
1100 1156 1289 1188 ITALIAM
1314 1157 1483 1188 MISSAE.

873 1218 961 1247 1:330.
1002 1216 1065 1247 lun.
1085 1219 1189 1248 o.—7.

495 1314 579 1350 778.
620 1313 775 1349 Litterae
803 1315 849 1348 (cd
877 1315 1046 1349 civitatem
1075 1314 1321 1349 Mantuamm.
1427 1316 1504 1350 Ιιιη.
1525 1318 1558 1352 6.

155 1404 180 1423 20
310 1387 470 1428 Oriye'nale
495 1390 564 1427 (or.)
594 1388 628 1419 in
657 1387 813 1419 tabulario
838 1388 920 1428 reye'o
944 1388 1133 1419 fllanlnano.
1187 1388 1385 1420 Conlzclz'mzcs
1408 1400 1474 1421 uos.
1497 1391 1505 1405 ⁶
1529 1390 1634 1429 Siyilh‘
1656 1401 1744 1421 cerae
1766 1390 1854 1422 albae

198 1441 242 1472 ad
268 1439 477 1471 claudendum
509 1440 598 1471 dorso
628 1440 770 1478 impressi
796 1441 975 1479 sraymenta
1003 1439 1130 1470 adsunt.
1176 1440 1236 1470 Est
1264 1441 1444 1479 inscriptio:
1480 1441 1696 1473 Prudentibus
1725 1442 1798 1473 viris
1823 1466 1854 1473 ..

196 1491 362 1532 potestati,
387 1491 538 1522 amzianis
548 1497 570 1530 ⁴³,
591 1491 788 1532 sapientibus
811 1494 844 1522 ct
868 1492 1015 1522 conmuni
1040 1491 1176 1522 civitatis
1195 1491 1337 1531 Mantue,
1362 1493 1478 1523 nostris
1503 1496 1535 1524 et
1559 1494 1683 1534 imperii
1708 1494 1855 1525 fidelibus

197 1543 332 1574 dilectis.
361 1561 399 1565 —
424 1543 485 1574 Ed.
509 1542 647 1573 Bdhmer
670 1542 807 1573 ‘Fames’
832 1543 858 1580 Ι,
882 1544 947 1573 207
970 1553 1018 1573 nr.
1038 1542 1080 1572 13
1102 1552 1140 1573 equ
1164 1553 1208 1573 or.

304 1602 449 1640 Bo'hmer,
471 1602 546 1643 ch.
571 1602 683 1634 Ludw.
702 1613 736 1642 p.
753 1604 817 1633 278
840 1612 888 1633 nr.
906 1603 991 1633 2728
1015 1602 1138 1642 (Addit.
1156 1603 1199 1641 I).

155 1703 178 1722 25
307 1689 498 1720 Ludowieus
521 1688 583 1719 Dei
611 1689 719 1730 gracia
742 1689 960 1720 Romanorum
986 1689 1161 1729 imperator
1185 1698 1312 1728 semper
1336 1692 1494 1728 augustus
1589 1715 1594 1719 .
1614 1714 1621 1721 .
1646 1690 1854 1730 prudentibus

196 1741 271 1772 viris
295 1765 327 1771 ..
352 1741 518 1781 potestati.
551 1741 733 1779 amzianis³,
762 1740 961 1780 sapientibus
989 1744 1021 1770 et
1050 1740 1198 1770 conmuni
1227 1739 1364 1770 civitatis
1396 1739 1543 1779 Mantue,
1575 1741 1639 1771 suis
1669 1744 1701 1771 et
1729 1742 1854 1783 imperii

197 1792 344 1824 fidelibus
368 1792 493 1823 dilectis
581 1792 723 1833 graciam
747 1803 837 1822 suam
862 1795 893 1822 et
918 1801 1011 1821 omne
1036 1791 1164 1821 bonum.

305 1843 422 1874 Omnia
446 1854 508 1884 que
533 1854 590 1884 pro
615 1843 700 1874 felici
729 1846 813 1873 statu
843 1846 875 1873 et
898 1842 1019 1873 honore
1043 1845 1150 1873 nostro
1179 1845 1211 1873 et
1240 1843 1321 1873 sacri
1352 1843 1478 1883 imperii
1508 1843 1599 1874 nobis
1629 1844 1792 1883 eveniunt,
1822 1845 1853 1875 in

196 1896 347 1926 noticiam
370 1898 475 1926 vestre
500 1894 663 1925 fidelitatis
693 1895 777 1925 ferre
808 1894 1009 1932 festinantes,
1039 1894 1129 1925 vobis
1159 1904 1215 1934 pro
1244 1894 1396 1934 singulari
1425 1894 1544 1935 gaudio
1575 1897 1607 1924 et
1635 1895 1854 1927 consolatione

153 1960 178 1980 30
196 1947 303 1978 votiva
326 1946 529 1987 presentibus
552 1946 745 1985 intimamus,
770 1945 856 1986 quod
880 1945 952 1976 Deo
976 1948 1088 1976 autore
1113 1948 1255 1975 nostrum
1278 1945 1480 1985 gubernante
1505 1946 1673 1986 imperium
1699 1957 1718 1977 a
1742 1947 1853 1977 celesti

196 1999 366 2029 maiestate
403 1997 495 2028 nobis
529 1997 681 2029 traditum
717 2000 749 2028 et
783 1997 975 2028 conmissum
1020 2007 1091 2027 cum
1130 1996 1276 2027 omnibus
1308 1996 1506 2037 principibus
1535 1997 1726 2028 Alamannie
1762 1998 1853 2029 nobis

195 2049 361 2091 hucusque
390 2049 620 2080 rebellantibus
647 2053 680 2080 et
707 2048 951 2080 adversantibus
982 2059 1096 2089 pacem
1125 2047 1262 2079 solidam
1291 2051 1322 2078 et
1353 2048 1477 2079 firmam
1509 2048 1704 2079 firmavimus
1733 2059 1852 2090 eosque

196 2101 237 2133 ad
260 2103 402 2132 nostram
426 2100 649 2132 obedienciam
672 2100 872 2139 reduximus,
901 2101 945 2131 sic
969 2099 1054 2141 quod
1084 2100 1143 2141 ipsi
1167 2100 1283 2130 abhinc
1307 2100 1437 2130 inantea
1466 2110 1499 2130 se
1528 2103 1560 2130 et
1591 2111 1648 2130 sua
1676 2110 1733 2140 pro
1762 2100 1853 2131 nobis

196 2155 229 2184 et
251 2152 386 2193 imperio
416 2151 669 2193 quibuscumque
697 2152 847 2193 periculis
874 2162 1038 2192 exponere
1067 2155 1140 2182 sunt
1167 2152 1280 2192 parati.
1333 2151 1421 2182 Sciat
1452 2152 1549 2182 etiam
1573 2151 1712 2182 fidelitas
1736 2155 1851 2192 vestra,

154 2217 178 2236 ³5
197 2213 259 2245 que
284 2203 417 2244 imperio
442 2203 596 2234 hactenus
619 2214 681 2234 non
705 2203 824 2234 defecit
846 2214 904 2234 nec
933 2203 1062 2234 deficiet
1090 2203 1121 2233 in
1148 2202 1305 2242 futurum,
1336 2203 1422 2243 quod
1455 2202 1654 2243 autumpnali
1685 2203 1852 2243 temporeb

196 2255 343 2295 proximo
378 2255 441 2286 una
472 2265 543 2286 cum
576 2254 689 2286 illustri
719 2255 863 2286 Iohanne
894 2265 969 2295 rege
1002 2254 1158 2285 Bohemie
1188 2254 1331 2294 principe
1363 2258 1470 2285 nostro
1507 2254 1624 2285 dilecto
1652 2254 1787 2295 aliisque
1819 2278 1850 2285 ..

196 2306 406 2347 principibus,
439 2330 470 2337 ..
494 2307 678 2345 comitibus,
710 2331 740 2337 ..
766 2306 939 2337 baronibus
969 2310 1001 2337 et
1030 2305 1189 2336 nobilibus
1217 2306 1410 2336 Alamannie
1444 2308 1551 2346 partes
1582 2305 1675 2336 Italie
1703 2309 1853 2346 potenter

197 2358 385 2389 intrabimus
409 2361 603 2389 armatorum
627 2358 830 2389 multitudine
855 2359 899 2389 sic
923 2358 1049 2392 muniti,
1078 2356 1163 2398 quod
1188 2367 1299 2388 omnes
1333 2360 1365 2388 et
1390 2357 1531 2397 singulos
1559 2357 1700 2397 perfidos
1728 2360 1851 2387 nostros

198 2409 342 2441 subditos
366 2409 457 2441 nobis
480 2410 616 2452 superbe
641 2421 675 2442 se
699 2414 914 2452 opponentes,
939 2420 1075 2451 quorum
1099 2410 1255 2450 elegimus
1279 2409 1410 2440 domare
1435 2409 1634 2450 superbiam,
1663 2409 1755 2439 nobis
1779 2408 1851 2439 sub-

154 2472 179 2490 ιο
198 2461 310 2502 iugare
334 2462 510 2502 poterimus
533 2463 684 2503 ipsosque
709 2463 753 2493 sie
777 2461 933 2502 dissipare
958 2465 990 2493 et
1013 2461 1164 2498 evellere,
1189 2460 1274 2501 quod
1299 2460 1450 2491 ammodo
1475 2470 1643 2501 resurgere
1673 2471 1735 2490 non
1760 2462 1851 2500 pote-

198 2516 271 2543 runt
286 2522 344 2544 nec
361 2513 510 2544 resistere
528 2523 569 2544 ex
585 2513 720 2545 adverso
729 2513 752 2553 ²,
776 2523 897 2554 vosque
921 2512 1034 2544 fideles
1050 2516 1175 2543 nostros
1191 2511 1336 2552 plantare
1364 2515 1396 2543 et
1414 2511 1564 2543 edificare
1574 2512 1595 2549 ³,
1621 2511 1705 2552 qnod
1729 2511 1759 2540 in
1777 2513 1850 2540 voto

198 2563 290 2594 nobis
314 2573 441 2605 semper
465 2564 524 2596 fuit
548 2568 580 2596 et
604 2568 660 2605 est,
685 2569 719 2595 ut
743 2566 842 2596 ceteri
867 2564 1044 2605 culpabiles
1067 2564 1128 2595 hoc
1152 2563 1301 2604 exemplo
1329 2563 1422 2604 culpe
1447 2563 1637 2604 supplicium
1662 2562 1795 2592 timeant
1820 2563 1852 2590 et

303 2648 365 2676 777.
393 2649 417 2682 b)
437 2659 451 2675 o
470 2659 536 2675 corr.
555 2659 586 2676 ex:
604 2660 619 2683 q
639 2659 676 2676 or.
767 2651 789 2679 0)
809 2659 877 2683 sequ.
898 2649 910 2675 1'
928 2659 993 2676 eras.
1014 2659 1050 2675 or.

304 2708 367 2736 778.
396 2709 419 2741 ²)
438 2710 472 2735 sic
491 2719 528 2735 or.
616 2710 641 2741 b)
660 2715 770 2743 tempere
789 2719 826 2735 or.

155 2790 180 2809 45
304 2782 328 2813 1)
350 2781 390 2814 Cf.
409 2789 493 2815 supra
511 2790 553 2808 ‘mu
567 2785 622 2809 437.
710 2782 735 2814 2)
754 2782 833 2808 Dent.
849 2785 870 2814 9,
881 2785 904 2809 2.
994 2782 1019 2813 3)
1043 2781 1082 2813 C'f.
1097 2780 1164 2807 Imc.
1179 2785 1216 2814 17,
1229 2783 1276 2809 ¹28,-
1296 2780 1387 2806 Ierem.
1404 2782 1442 2811 31,
1454 2782 1492 2805 28.

1595 2828 1642 2854 83·
