2205 3025
387 133 449 160 474>
624 125 718 153 ACTA
740 124 851 151 REGNI
871 123 1054 150 LUDEWiCI
1075 122 1120 149 IV,
1142 122 1188 148 ET
1208 121 1391 148 FRIDERICI
1410 122 1458 148 111.
1496 121 1569 148 1320.
1606 121 1654 147 Nr.
1668 121 1726 148 565.
1746 122 1803 148 566.

387 213 562 244 sidentibus
592 216 624 243 et
648 212 774 242 comuni
798 211 928 241 Lucano
961 213 992 240 et
1022 209 1092 240 aliis
1123 209 1363 250 quibuscunque
1395 218 1452 249 pro
1482 208 1573 238 nobis
1597 207 1647 238 vel
1672 208 1799 238 comuni
1822 208 1954 239 Lucano
1979 209 2037 239 sub

386 275 469 306 pona
492 264 718 304 indignationis
741 266 847 293 nostre
871 262 973 303 gratie
998 265 1030 292 et
1046 261 1159 292 decem
1183 260 1334 291 librarum
1359 260 1427 290 auri
1451 269 1508 300 pro
1533 258 1664 290 dimidia
1686 259 1762 290 fisco
1786 263 1894 290 nostro
1918 263 1950 290 et
1974 260 2037 290 alia

387 315 517 346 dimidia
541 315 689 345 iniuriam
713 314 814 354 passis
839 313 964 354 penitus
988 312 1189 354 applicanda,
1220 312 1368 353 quatinus
1392 314 1502 341 contra
1526 310 1671 351 predicta
1694 310 1744 341 vel
1768 310 1889 351 aliquid
1912 310 2037 351 predic-

388 371 489 397 torum
513 377 575 396 non
591 366 720 396 veniant
743 365 793 395 vel
817 367 989 402 attentent,
1014 367 1061 395 set
1086 374 1125 394 ea
1149 363 1255 394 omnia
1279 366 1311 394 et
1327 362 1452 404 singula
1468 361 1697 392 inviolabiliter
1713 372 1839 393 servare
1857 365 2036 403 procurent,

386 428 481 458 quam
508 417 560 447 diu
584 417 675 447 nobis
700 420 732 446 et
755 416 890 456 imperio
914 415 1027 446 fideles
1052 411 1201 445 existant.
1295 414 1332 444 In
1357 424 1490 455 quorum
1515 412 1646 444 evidens
1670 414 1888 444 testimonium
1912 416 1944 445 et
1968 423 2036 444 cer-

387 468 554 499 titudinem
579 469 805 508 premissorum
830 464 996 508 presentes
1019 470 1127 497 nostre
1150 466 1357 506 imperatorie
1381 465 1558 496 maiestatis
1582 464 1686 505 sigillo
1715 464 1868 506 pendenti
1892 465 2038 496 iussimus

386 520 581 551 communiri.

498 570 570 602 Dat.
595 570 719 609 Pistis),
745 569 801 600 sub
826 580 908 600 anno
933 569 1063 600 Domini
1088 569 1258 599 millesimo
1283 568 1508 599 trecentesimo
1533 568 1684 598 vicesimo
1710 577 1802 606 nono,
1827 568 1934 599 indict.
1959 568 2038 599 duo-

388 622 521 658 decima,
547 621 598 652 die
617 620 742 652 decima
760 622 878 652 mensis
894 621 1024 662 Aprilis,
1049 620 1139 661 regni
1155 620 1254 650 nostri
1277 630 1360 650 anno
1378 618 1626 661 quintodecimo,
1651 619 1778 659 imperii
1794 629 1870 650 vero
1887 619 2037 650 secundo.

634 770 718 804 566.
756 769 970 804 -Mandatnm
1001 770 1046 803 ad
1073 779 1246 804 continuae
1273 768 1528 803 Petrasanctae.
1632 768 1718 811 Apr.
1738 769 1794 803 10.

497 851 656 892 Oriyinalc
681 854 751 891 (or.)
778 852 897 883 ibidem.
947 851 1141 883 Contnlfinms
1169 860 1232 882 nos.
1285 849 1389 889 Siytllz·
1418 850 1594 881 mm'estatis
1621 850 1711 881 dorso
1743 851 1884 889 impressi
1911 851 2039 891 vestigia

386 904 513 935 adsunt.
537 922 578 925 ——
602 903 664 934 Ed.
690 903 843 934 Manucci
867 903 929 934 loco
952 913 1052 942 supra
1074 903 1117 933 acl
1140 913 1188 933 nr.
1208 901 1269 932 160
1293 902 1387 932 citato
1408 912 1439 940 p.
1456 903 1519 932 235
1544 902 1648 932 717224
1672 912 1710 932 et*
1732 911 1796 940 col).

494 963 637 1001 Bo'lzmer,
662 963 736 1003 Rng.
761 963 873 995 Ludw.
886 974 920 1002 p.
939 964 980 994 62
1004 974 1050 994 nr.
1070 963 1162 993 1019.

495 1067 675 1098 Ludovicus
698 1067 760 1098 Dei
791 1067 894 1108 gratia
918 1066 1138 1098 Romanorum
1166 1067 1341 1107 imperator
1371 1076 1499 1106 semper
1527 1069 1680 1107 augustus
1791 1066 1931 1107 providis
1965 1067 2040 1098 viris

387 1120 539 1159 potestati
569 1129 625 1149 seu
655 1119 787 1157 vicario,
819 1118 1009 1152 rectoribus.
1041 1118 1244 1149 officialibus.
1279 1117 1466 1148 consiliariis
1496 1121 1528 1148 et
1557 1118 1683 1149 comuni
1715 1117 1754 1148 de
1786 1118 1976 1149 Petrasanta
2007 1122 2039 1150 et

386 1171 484 1212 ipsius
509 1171 624 1201 vicarie
649 1170 831 1200 hominibus
855 1174 887 1200 et
910 1170 1065 1210 personis,
1090 1170 1153 1200 suis
1177 1173 1209 1200 et
1232 1169 1357 1210 imperii
1381 1169 1530 1199 fidelibus
1555 1169 1679 1200 dilectis
1789 1170 1925 1210 gratiam
1950 1180 2039 1201 suam

388 1226 420 1252 et
444 1232 536 1252 omne
561 1221 690 1252 bonum.

495 1273 689 1303 Recolentes
713 1284 770 1303 nos
787 1273 970 1313 specialiter
994 1276 1026 1302 et
1051 1282 1090 1302 ex
1112 1276 1199 1302 certa
1216 1272 1347 1303 scientia
1365 1273 1559 1303 concessisse
1581 1282 1638 1312 pro
1660 1282 1769 1303 eorum
1787 1272 2040 1304 substentatione

388 1324 534 1355 ‹luchisse
559 1324 735 1355 collaterali
761 1328 793 1354 et
816 1324 888 1354 filiis
912 1325 987 1354 olim
1012 1324 1133 1354 Lucani
1158 1323 1246 1354 ducis
1270 1323 1415 1364 gabellas
1439 1323 1523 1354 dicte
1548 1326 1632 1354 terre
1650 1323 1841 1355 Petrasante
1867 1327 1899 1355 et
1922 1325 2040 1356 vicarie

389 1377 486 1416 ipsius
520 1386 620 1416 usque
655 1377 685 1406 in
722 1377 933 1417 quantitatem
961 1376 1152 1406 florenorum
1188 1378 1323 1416 quatuor
1353 1375 1475 1405 milium
1504 1375 1572 1405 auri
1602 1375 1785 1405 1111111111111111
1816 1378 1848 1406 et
1876 1376 2039 1407 intellecto

389 1428 512 1468 aliquos
540 1427 696 1468 impedire
726 1428 833 1458 conari
868 1438 904 1458 ac
940 1428 1036 1457 etiam
1068 1427 1169 1457 dictas
1197 1426 1341 1467 gabellas
1369 1427 1514 1467 intercipi
1545 1429 1576 1457 et
1606 1426 1746 1457 fraudari
1777 1430 1810 1457 et
1837 1427 1916 1457 alias
1947 1427 2040 1458 dictis

389 1479 524 1519 gabellis
549 1479 636 1509 abuti
661 1480 691 1509 in
716 1479 929 1509 detrationem
953 1479 1029 1509 iuris
1054 1478 1199 1509 duchisse
1230 1482 1262 1508 et
1286 1478 1422 1508 filiorum
1452 1477 1668 1518 predictorum
1699 1482 1730 1509 et
1753 1488 1816 1508 non
1839 1478 2040 1509 intendentes

391 1541 449 1561 nec
474 1531 616 1560 volentes
642 1537 751 1561 contra
774 1534 915 1561 nostram
940 1530 1183 1571 promissionem
1208 1530 1285 1560 talia
1309 1530 1510 1570 attemptari,
1540 1529 1630 1560 vobis
1654 1533 1685 1559 et
1708 1530 1908 1560 universitati
1936 1533 2039 1561 vestre

391 1582 570 1623 ceterisque
606 1581 645 1612 de
677 1582 795 1612 vicaria
824 1581 967 1622 predicta
1003 1586 1034 1612 et
1067 1582 1136 1612 aliis
1169 1585 1336 1622 presentes
1370 1581 1499 1611 licteras
1528 1581 1718 1622 inspecturis
1748 1592 1805 1622 per
1834 1581 1893 1611 1100
1922 1582 2040 1622 scripta

390 1633 530 1663 districte
556 1633 787 1664 commictimus
812 1637 843 1663 et
866 1632 1054 1663 mandamus
1079 1632 1135 1663 sub
1160 1643 1243 1673 pena
1260 1633 1487 1673 indignationis
1510 1637 1617 1663 nostre
1635 1633 1737 1674 gratie
1762 1636 1794 1663 et
1810 1632 2040 1674 quinquaginta

389 1695 568 1715 marcarum
593 1685 717 1725 argenti
745 1695 801 1725 pro
826 1684 970 1725 quolibet
1000 1687 1031 1714 et
1059 1684 1202 1725 qualibet
1231 1685 1298 1715 vice
1328 1695 1391 1725 qua
1420 1684 1515 1714 fuerit
1544 1684 1791 1724 contrafactum,
1823 1695 1880 1725 pro
1910 1684 2041 1715 dimidia

389 1736 464 1767 fisco
489 1739 596 1766 nostro
622 1740 652 1766 et
678 1747 733 1776 pro
758 1736 821 1766 alia
845 1735 976 1767 dimidia
1005 1747 1099 1777 passo
1124 1738 1271 1767 iniuriam
1296 1737 1503 1777 applicanda,
1534 1737 1681 1777 quatinus
1711 1736 1750 1767 de
1783 1736 1876 1767 dictis
1904 1737 2040 1778 gabellis

389 1787 482 1818 dictis
506 1787 652 1818 duchisse
678 1792 709 1819 et
734 1788 804 1817 filiis
820 1788 941 1818 Lucani
967 1788 1055 1819 ducis
1072 1790 1277 1829 ipsorumque
1302 1789 1418 1819 nuntiis
1442 1792 1474 1819 et
1490 1787 1749 1829 procuratoribus
1774 1788 1862 1818 iuxta
1885 1788 2040 1828 premissa

390 1842 496 1869 nostra
520 1850 612 1879 pure,
638 1840 761 1879 integre
786 1840 1007 1880 respondeatis
1036 1847 1067 1870 et
1092 1840 1207 1874 libere,
1239 1841 1324 1881 ipsas
1352 1839 1496 1880 gabellas
1520 1850 1583 1870 non
1607 1839 1785 1870 fraudando
1815 1849 1873 1870 nec
1898 1839 2039 1870 fraudari

389 1891 549 1922 faciendo⁴
574 1891 801 1921 consentiendo
827 1891 877 1921 vel
902 1892 1120 1932 permictendo
1146 1896 1177 1922 ct
1201 1891 1401 1922 fraudatores
1424 1892 1564 1932 ipsarum
1588 1891 1802 1932 impedientes
1826 1894 1858 1921 et
1880 1891 2038 1931 intercep-

390 1946 475 1972 tores
510 1943 584 1972 iuris
619 1950 650 1972 et
685 1942 759 1973 facti
791 1943 941 1973 remediis
974 1944 1177 1984 reprimendo
1211 1944 1348 1974 strictius
1379 1946 1410 1973 et
1445 1942 1583 1973 arcendo
1616 1947 1647 1974 et
1679 1943 1864 1973 cohertionc
1895 1942 2040 1983 qualibet

390 1993 594 2025 refrenando.
626 1995 668 2023 sic
699 1994 783 2034 quod
815 1994 889 2024 dicti
915 1994 1062 2025 (11101115511
1091 1998 1122 2025 et
1147 1995 1201 2024 filii
1227 1995 1318 2026 dictis
1342 1995 1479 2036 gabellis
1502 1994 1682 2025 nullatenus
1707 1994 1813 2034 decipi
1837 1994 1964 2025 valeant
1988 1994 2038 2024 vel

390 2045 540 2083 fraudari,
565 2045 695 2083 turbari,
720 2047 888 2086 inquietari
905 2046 955 2076 vel
973 2045 1135 2076 molestari
1153 2057 1280 2087 quoquo
1299 2046 1394 2077 modo
1413 2046 1531 2077 directe
1548 2046 1599 2076 vel
1624 2046 1777 2076 indirecte
1802 2045 1908 2087 aliquo
1934 2046 2039 2077 colore

390 2096 528 2136 quesito,
559 2100 592 2126 nt
616 2100 723 2127 nostra
747 2098 913 2137 pmmissio
938 2097 1028 2127 firma
1052 2098 1218 2138 perduret,
1248 2099 1332 2129 nullo
1363 2098 1529 2137 mandato,
1560 2101 1712 2138 percepto
1741 2097 1792 2128 vel
1821 2098 2038 2138 requisitione,

390 2147 615 2187 prohibitione.
642 2149 876 2179 conminatione
902 2149 951 2179 vel
982 2149 1167 2180 inhibitione
1196 2160 1250 2180 5011
1276 2150 1530 2191 sequestratione
1555 2149 1674 2179 Lucani
1700 2149 1808 2179 vicarii
1832 2149 1882 2179 vel
1906 2149 2038 2178 rectoris
2071 2164 2081 2175 υ

391 2208 447 2228 5011
471 2198 601 2228 alterius
625 2199 655 2229 in
680 2199 787 2239 aliquo
812 2199 978 2231 obstitura.
1025 2200 1094 2235 Que
1113 2202 1219 2231 omnia
1244 2202 1274 2231 in
1291 2202 1431 2241 presenti
1456 2204 1487 2231 et
1504 2201 1628 2231 fucturo
1647 2210 1807 2231 cassamus
1833 2203 1865 2230 ct
1881 2200 2040 2230 irritamus

392 2253 423 2280 et
447 2250 478 2279 in
502 2250 640 2290 ipsorum
667 2250 813 2281 duchisse
839 2256 870 2281 et
894 2251 1029 2281 filiorum
1055 2255 1087 2282 et
1110 2253 1185 2282 iuris
1209 2253 1349 2293 ipsorum
1374 2252 1584 2293 preiudicium
1603 2251 1747 2282 volumus
1771 2261 1833 2281 non
1857 2251 1963 2282 valere
1987 2262 2039 2281 us-

391 2312 452 2342 que
477 2301 517 2331 ad
534 2305 640 2331 nostre
658 2301 894 2342 beneplacitum
912 2303 1091 2336 voluntatis
1117 2314 1213 2344 quam
1237 2304 1290 2334 (1111
1315 2304 1406 2334 nobis
1431 2307 1463 2334 et
1479 2303 1613 2344 imperio
1630 2303 1742 2334 fideles
1767 2303 1914 2333 existant.
2003 2302 2039 2332 In

391 2363 525 2393 quornm
554 2353 775 2383 certitudinem
806 2358 837 2383 et
862 2354 1077 2394 predictorum
1107 2355 1237 2385 evidens
1269 2355 1485 2386 testimonium
1515 2358 1682 2395 presentes
1705 2353 1833 2384 licteras
1856 2354 1923 2384 fieri
1948 2353 2039 2383 iussi-

392 2415 460 2434 111115
486 2408 517 2434 et
541 2407 647 2434 nostro
672 2405 775 2444 sigillo
801 2406 924 2435 inuniri.

498 2455 571 2485 Dat.
596 2455 714 2493 Pis-(isc
740 2456 789 2486 die
815 2456 939 2487 decima
964 2459 1080 2487 mensis
1098 2459 1225 2498 Aprilis,
1251 2457 1441 2489 duodecime
1466 2457 1583 2496 indict⁴3
1608 2457 1697 2498 regni
1721 2457 1818 2487 nostri
1843 2467 1924 2487 anno
1949 2456 2038 2497 quin-

392 2506 548 2543 decimo-³,
573 2507 698 2547 imperii
723 2518 797 2537 vero
822 2508 972 2539 secundo.

496 2658 560 2685 566.
592 2664 614 2688 ³)
634 2661 668 2684 sie
688 2670 723 2685 01·Α

498 2737 521 2762 11
541 2736 630 2769 Supra
651 2741 759 2762 ›1³:522st

2058 785 2083 804 10

2058 1128 2082 1147 15

2059 1386 2083 1405 20

2060 1643 2084 1662 25

2059 1902 2083 1920 30

2057 2414 2081 2431 ⁴¹)
