2205 3025
360 151 420 179 54ss

360 240 581 273 quemcunque
598 228 829 271 Rspmanorum
854 236 964 266 regem
980 225 1032 257 vel
1056 226 1157 266 impc-

362 280 511 322 ratorem]
552 280 815 322 predecessorem
850 278 903 308 vel
941 287 1158 308 successorem

359 337 500 364 nostrum
536 335 590 362 aut
627 334 733 361 nostro
769 330 819 361 vel
853 330 994 370 ipsorum
1030 328 1159 359 nomine

360 385 487 415 racione
512 383 601 424 regni
626 383 657 412 in
682 381 776 412 rebus
800 384 855 412 aut
878 380 1022 421 personis
1045 380 1160 420 pigno-

360 446 441 469 rare,
466 444 593 475 capere,
618 433 801 466 molestare,
826 436 984 463 ari-estare
1009 434 1064 462 aut
1087 441 1161 471 per-

361 486 490 517 turbare
525 484 656 527 aludcat
691 482 940 525 quoquomodo]
1001 483 1033 513 Si
1069 481 1161 524 qu[is]

361 542 469 569 autem
494 537 687 568 contrarium
711 536 839 574 feccrit,
868 538 1010 566 nostram
1042 537 1075 565 et
1102 535 1160 564 im-

360 590 440 630 perii
460 589 716 629 indignacionem
735 597 866 627 gravem
883 587 986 627 ipsum
1000 587 1162 616 incurrere

363 641 563 672 decernimus
588 640 656 680 ipso
682 639 776 669 facto.

414 1422 441 1449 4.
478 1418 563 1449 Sane
593 1419 743 1459 quoniam
772 1417 963 1458 ampliarum
991 1416 1167 1447 liberalita-

368 1473 433 1500 tum
455 1469 616 1500 favoribus
639 1470 710 1499 illos
728 1472 867 1499 nostram
884 1477 942 1509 per
959 1467 1167 1498 clemenciam

369 1522 517 1552 convenit
555 1519 798 1561 circumpllec]ti
828 1523 985 1561 grateque
1022 1519 1167 1560 benigni-

370 1573 444 1603 tatis
479 1572 646 1603 affectibus
681 1575 772 1612 grato
809 1571 977 1611 participio
1013 1570 1168 1609 decorari,

370 1624 422 1664 qui
454 1624 632 1655 claritatem
668 1623 742 1653 fidei
780 1626 811 1653 et
845 1622 953 1653 debite
988 1622 1170 1652 devocionis

371 1675 584 1705 constanciam
604 1674 813 1705 strennuitate
834 1684 966 1714 operum
985 1673 1176 1714 multiplici7

371 1733 419 1757 ter
441 1726 666 1768 probaverunt,
699 1726 798 1761 vobis,
831 1735 963 1766 quorum
989 1725 1170 1765 promocio-

370 1788 443 1808 nem
461 1776 620 1819 u[bereml
639 1778 698 1818 piis
715 1781 879 1818 gestamus
901 1777 931 1806 in
949 1777 1041 1813 votis,
1063 1775 1170 1806 vobisc

321 1830 326 1836 ‘
371 1830 549 1870 vestrisque
567 1829 802 1860 successoribus
820 1832 852 1859 et
868 1828 1007 1869 posteris
1022 1828 1171 1858 universa

371 1892 407 1912 ac
432 1882 556 1921 singula
580 1881 757 1922 privilegia,
783 1881 863 1918 iura,
893 1880 1115 1910 concessiones
1140 1882 1172 1910 et

372 1933 505 1973 gratias,
538 1931 761 1967 emunitates‘¹,
793 1931 959 1962 libertates
992 1934 1023 1962 et
1057 1930 1170 1961 lauda-

374 1984 455 2015 biles
479 1984 739 2021 cmisuctudines,
770 1994 849 2024 quas
877 1993 896 2013 a
919 1982 1010 2012 nobis
1040 1992 1077 2013 ac
1101 1981 1171 2012 aliis

373 2035 452 2066 divis
470 2035 688 2066 Romanorum
715 2035 909 2075 principibus
934 2033 1171 2074 predecessori-

372 2087 431 2117 bus
453 2087 568 2117 nostris
591 2090 722 2117 actenus
746 2086 902 2117 habuistis
917 2085 968 2116 vel
985 2085 1173 2126 possedistis

374 2138 424 2168 vel
456 2138 486 2167 in
511 2139 747 2178 presenciarum
773 2137 898 2168 habetis
927 2136 978 2168 vel
1002 2137 1174 2178 possidetis

375 2192 428 2219 aut
453 2189 566 2229 quibus
589 2190 635 2219 usi
649 2188 776 2224 ‘fuistis
802 2189 959 2230 presentis
983 2189 1091 2228 scripti
1116 2198 1172 2228 pa-

375 2241 508 2271 trocinio
555 2244 710 2281 perpetuo
757 2240 892 2271 valituro
939 2239 1173 2274 confirmanius,

375 2291 600 2332 approbamus,
625 2292 818 2322 ratificamus
843 2302 879 2322 ac
904 2292 1002 2322 etiam
1026 2291 1066 2321 de
1091 2301 1174 2321 novo

377 2342 581 2373 concedimus
621 2346 653 2373 ct
690 2343 887 2373 innovamus.
948 2343 1111 2373 Pniversis
1144 2345 1176 2372 et

376 2394 508 2434 singulis
546 2394 690 2434 regibus,
731 2394 879 2433 ducibus,
919 2393 1175 2433 marchyonibus,

378 2444 556 2480 comitibus,
582 2444 752 2474 baronibus
776 2445 955 2485 ceterisque
973 2445 1120 2475 officiatis
1145 2448 1176 2475 et

378 2496 448 2526 aliis
492 2496 636 2537 personis
678 2495 880 2526 inferioribus
922 2495 1175 2536 quibuscunque,

378 2548 592 2587 cuiuscunque
617 2550 716 2577 status
747 2547 897 2577 existant.
928 2547 1104 2577 districcius
1128 2548 1175 2576 in-

378 2598 526 2629 hibentes
557 2599 659 2638 gratie
693 2601 724 2628 et
755 2598 872 2628 favoris
904 2599 1001 2627 nostri
1031 2597 1089 2627 sub
1119 2597 1175 2628 ob-

486 2696 548 2722 T-'JS-
577 2696 598 2724 e]
619 2697 653 2720 ita
674 2696 703 2720 Α,
795 2695 819 2726 (ἶ)
838 2698 976 2727 9mffita1es
996 2695 1028 2719 A.

486 2756 547 2782 559·
576 2756 600 2786 l»)
621 2757 716 2789 imperii
739 2756 767 2781 J).
859 2759 880 2783 Ρ)
899 2755 1026 2780 Romani?
1040 2755 1070 2779 Ji,

1161 2754 1183 2785 ⁸¹]
1204 2756 1273 2786 que?
1288 2756 1318 2780 Β.

766 141 863 168 ACTA
883 139 995 166 REGNI
1016 138 1199 165 LUDEWlCI
1218 120 1265 166 lV.
1303 137 1378 164 1330.
1415 137 1462 163 Nr.
1477 137 1535 163 758.
1549 136 1607 163 759.

1213 234 1337 264 cunque
1354 223 1573 254 Romanorum
1590 232 1701 263 regem
1718 223 1769 252 vel
1786 223 2012 263 imperatorem

1213 275 1476 316 predecessorem
1517 274 1568 305 vel
1607 283 1826 304 successorem
1870 278 2012 305 nostrum

1215 331 1269 358 aut
1297 330 1405 357 nostro
1434 325 1485 357 vel
1519 325 1680 366 ipsorumb
1709 325 1836 356 nomine
1865 326 2013 356 racione0

1214 379 1302 419 regni
1327 379 1358 409 in
1382 379 1477 409 rebus
1501 381 1556 408 aut
1580 377 1723 418 personis
1746 378 1932 417 pignorare,
1963 387 2014 408 ca-

1216 441 1308 472 pere,
1336 430 1525 466 molestare,
1558 432 1716 460 arrestare
1743 428 1793 459 vel
1824 428 2013 469 perturbare

1216 481 1336 512 audeat
1359 480 1597 522 quoquomodo.
1650 479 1682 511 Si
1713 480 1783 521 quis
1807 484 1915 511 autem
1940 490 2015 511 con—

1216 534 1348 564 trarium
1372 533 1498 572 feeerit,
1530 536 1671 563 nostram
1703 535 1734 562 et
1762 531 1888 572 imperii
1912 531 2015 572 indig-

1216 586 1383 615 nacionem
1407 594 1538 625 gravem
1562 585 1667 624 ipsum
1690 583 1851 614 incurrere
1869 582 2015 614 decerni-

1216 647 1286 667 mus
1309 637 1378 677 ipso
1402 636 1498 666 facto,

1262 692 1288 719 4.
1326 688 1476 719 Ceterum
1523 686 1697 728 quoniamd
1734 690 1875 717 nostram
1923 685 2016 717 decet

1218 740 1425 771 clemenciam
1455 738 1685 775 benemeritos,
1723 742 1757 769 ut
1788 738 1891 778 dignis
1920 738 2017 778 digna

1217 791 1447 832 respondeant,
1493 789 1597 831 dignis
1636 789 1800 821 favoribus
1837 790 2016 830 prevenire,

1217 843 1403 874 statuimus0
1421 842 1524 873 eciam
1549 852 1585 872 ac
1609 844 1717 872 nostra
1734 841 1875 882 presenti
1899 841 2018 882 pagina

1220 895 1414 934 'tn-dinamus,
1439 893 1525 935 quod
1542 893 1628 924 cives
1653 893 1739 934 opidi
1757 893 1853 924 vestri
1871 893 2017 934 predicti,

1218 947 1270 988 qui
1306 956 1387 977 nunc
1422 948 1494 976 sunt
1528 948 1583 976 aut
1616 955 1673 986 pro
1710 948 1855 986 tempore
1891 943 2018 984 fuerint,

1218 1009 1279 1029 una
1311 1008 1381 1029 cum
1410 997 1601 1028 militaribus
1631 1000 1663 1027 et
1697 996 1911 1027 castrensibus
1943 995 2019 1026 dicti

1218 1050 1319 1090 opidi,
1359 1059 1428 1080 cum
1469 1052 1500 1079 et
1538 1048 1699 1090 quomodo
1739 1048 1904 1078 consilium
1944 1047 2021 1078 dicti

1219 1101 1306 1142 opidi
1338 1101 1526 1132 mutandum
1557 1099 1655 1131 fuerit
1681 1102 1714 1130 et
1746 1099 1819 1130 novi
1848 1099 2020 1130 consiliarii

1218 1152 1416 1191 assumendi,
1446 1151 1611 1183 consilium
1645 1154 1786 1182 statuant
1815 1155 1846 1182 et
1874 1151 2021 1182 ordinent

1218 1215 1380 1245 novosque
1405 1204 1603 1235 consiliarios
1633 1203 1674 1234 ad
1704 1203 1822 1234 dictum
1855 1203 2021 1234 consilium

1217 1267 1280 1287 una
1304 1266 1375 1287 cum
1399 1257 1476 1297 ipsis
1500 1256 1622 1296 eligant
1650 1258 1705 1286 aut
1732 1258 1909 1291 assumant,
1940 1254 2024 1285 mili-

1216 1308 1335 1338 tarium
1361 1318 1417 1338 seu
1434 1307 1643 1338 castrensium
1662 1306 1878 1347 predictorum
1896 1310 2023 1338 contra-

1221 1358 1359 1389 dictione
1384 1358 1527 1400 qualibet
1549 1369 1611 1389 non
1636 1358 1793 1389 obstante.

1265 1413 1293 1441 5.
1320 1410 1404 1440 Sane
1422 1410 1572 1450 quoniam
1589 1409 1779 1451 ampliarum
1793 1409 2023 1440 liberalitatum

1222 1462 1384 1493 favoribus
1408 1462 1479 1492 illos
1495 1465 1635 1492 nostram
1652 1472 1710 1502 per
1726 1461 1929 1492 clementiam
1947 1471 2023 1491 con-

1222 1514 1310 1544 venit
1351 1512 1568 1554 circumplecti
1614 1515 1770 1554 grateque
1816 1512 2025 1554 benignitatis

1224 1565 1391 1596 affectibus
1429 1567 1520 1605 grato
1560 1565 1727 1605 participio
1771 1563 1930 1601 decorari,
1971 1564 2024 1604 qui

1224 1617 1402 1647 claritatem
1428 1616 1501 1647 fidei
1532 1619 1565 1646 et
1597 1615 1705 1646 debite
1735 1615 1918 1646 devocionis
1949 1626 2023 1646 con-

1225 1669 1379 1698 stanciam
1426 1668 1503 1698 locis
1545 1671 1577 1698 et
1615 1667 1815 1708 temporibus
1860 1668 2024 1708 oportunis

1460 1730 1593 1760 operum
1644 1719 1863 1759 multipliciter
1908 1718 2025 1759 proba-

1225 1775 1348 1809 verunt,
1366 1772 1466 1809 vobis,
1485 1781 1619 1812 quorum
1635 1771 1875 1811 promocionem
1893 1770 2025 1801 uberem

1225 1824 1286 1864 piis
1316 1826 1480 1864 gestamus
1521 1823 1551 1852 in
1580 1823 1676 1862 votis,
1711 1821 1820 1853 vobiss
1847 1823 2026 1862 vestrisque

1225 1875 1462 1906 successoribus
1483 1878 1515 1905 et
1531 1874 1667 1916 posteris
1684 1874 1832 1905 universa
1848 1884 1885 1904 ac
1902 1873 2027 1914 singula

1226 1927 1407 1969 privilegia,
1447 1927 1530 1962 iura,
1570 1926 1791 1957 concessiones
1826 1929 1858 1956 et
1893 1926 2026 1966 gracias,

1226 1980 1428 2015 emunitates,
1453 1978 1620 2008 libertates
1643 1980 1675 2008 et
1699 1977 1877 2007 laudabiles
1894 1986 2027 2007 consue-

1227 2030 1364 2069 tudines,
1389 2040 1468 2071 quas
1492 2040 1510 2060 a
1533 2029 1625 2060 nobis
1649 2039 1686 2059 ac
1709 2029 1779 2059 aliis
1804 2027 1883 2059 divis
1907 2027 2028 2059 Roma-

1227 2093 1340 2113 norum
1370 2081 1564 2122 principibus
1598 2080 1882 2122 predecessoribus
1912 2080 2028 2110 nostris

1228 2134 1382 2165 hactenus
1415 2133 1571 2163 habuistis
1602 2132 1653 2163 vel
1688 2131 1875 2172 possedistis
1911 2131 1962 2162 vel
1997 2131 2028 2161 in

1229 2186 1467 2227 presenciarum
1507 2183 1633 2215 habetis
1670 2183 1719 2213 vel
1764 2182 1936 2223 possidetis
1974 2186 2029 2213 aut

1230 2237 1344 2278 quibus
1368 2237 1414 2267 usi
1444 2236 1561 2273 fuistis,
1593 2235 1750 2276 presentis
1782 2235 1891 2274 scripti
1920 2238 2027 2274 patro-

1230 2289 1311 2320 cinio
1343 2291 1499 2329 perpetuo
1529 2287 1665 2317 valituro
1697 2286 1936 2325 confirmamus,
1973 2296 2029 2326 ap-

1230 2340 1418 2381 probanruS,
1454 2338 1649 2369 ratificamus
1680 2347 1717 2368 ac
1745 2338 1848 2368 eciam
1878 2336 1918 2368 de
1947 2348 2030 2368 novo

1232 2391 1437 2423 concedimus
1470 2394 1502 2421 et
1537 2391 1733 2420 innovamus.
1799 2388 1963 2419 Universis
1999 2391 2031 2419 et

1231 2443 1364 2484 singulis
1402 2441 1546 2482 regibus,
1591 2440 1737 2480 ducibus,
1782 2439 2029 2479 marchionibus,

1231 2495 1415 2533 comitibus,
1458 2493 1632 2524 baronibus
1667 2491 1846 2532 ceterisque
1882 2491 2029 2521 officiatis

1231 2550 1262 2577 et
1286 2546 1356 2576 aliis
1381 2546 1525 2586 personis
1548 2543 1750 2575 inferioribus
1779 2542 2029 2584 quibuscunque,

1235 2598 1450 2637 cuiuscunque
1475 2599 1575 2626 status
1599 2595 1752 2635 existant,
1784 2594 1960 2625 districcius
1984 2594 2030 2623 in-

1225 1720 1413 1751 strenuitate

1407 2755 1429 2786 o)
1451 2764 1518 2787 sequ.
1535 2760 1562 2779 ut
1581 2754 1612 2778 B.
1701 2753 1720 2784 s)
1740 2754 1774 2778 ita
1793 2752 1825 2776 B.

2037 696 2060 714 10

2038 953 2064 971 15

2040 1210 2065 1229 20

2041 1473 2068 1493 25

2045 1731 2071 1750 30

2047 1989 2072 2008 35

2048 2248 2074 2267 40

2048 2504 2074 2523 45
