2205 3025
156 1004 180 1022 10

154 1313 178 1331 15

154 1575 180 1594 20

157 2088 183 2107 30

158 2346 182 2365 35

156 2600 180 2618 40

154 2855 179 2873 45

436 301 530 327 ACTA
551 300 662 326 REGNI
684 301 867 328 LL'DEWICI
887 301 933 327 IV.
952 301 996 327 ET
1017 301 1199 327 FRIDERICI
1220 301 1267 327 III.
1306 302 1380 328 13-29.
1418 301 1465 328 Nr.
1478 302 1537 327 4365.
1557 302 1615 328 666.
1791 305 1849 334 561

203 390 235 418 et
260 397 321 429 que
347 387 448 418 dictus
472 389 604 419 nuncius
628 388 719 418 nobis
748 389 832 419 circa
859 388 918 419 hec
948 389 1070 419 curavit
1100 398 1278 429 exponere,
1306 388 1523 419 intelleximus
1555 388 1734 429 diligenter.
1783 388 1854 424 Que

200 439 321 470 utinam
347 439 425 470 talia
449 443 563 479 essent,
586 439 631 470 fili
655 440 829 479 carissime,
854 450 915 480 que
940 450 997 470 nos
1014 450 1180 480 possemus
1204 440 1378 471 secundum
1394 439 1501 470 Deum
1526 442 1558 470 et
1574 439 1750 480 apostolice
1768 440 1854 470 sedis

202 490 383 521 decentiam
411 490 452 521 ad
481 490 696 521 exauditionis
726 492 863 531 gratiam
893 491 1073 526 admisisse.
1107 501 1203 532 super
1235 491 1349 532 quibus
1378 502 1435 521 nos
1467 491 1576 532 procul
1606 491 1702 522 dubio
1734 491 1854 533 regalis

202 542 356 573 serenitas
380 543 539 583 propicios
563 542 711 583 reperiet.
759 542 822 573 Sed
848 543 921 583 quia
950 543 1025 573 talia
1053 543 1119 573 sine
1149 542 1282 574 fratrum
1312 546 1492 573 nostrorum
1523 553 1677 573 consensu
1707 542 1853 583 expediri

202 604 263 624 non
288 593 408 624 debent
431 604 489 624 nec
513 593 553 623 ab
570 594 646 634 ipsis
671 604 857 624 consensum
882 593 1082 624 huiusmodih
1107 604 1177 624 cum
1202 595 1233 624 in
1257 594 1327 625 aliis
1351 595 1441 635 quasi
1467 594 1631 634 similibus,
1656 595 1731 625 licet
1755 595 1853 625 etiam

199 645 294 684 longe
319 645 422 685 magis
446 645 561 675 rationi
586 649 617 675 et
642 646 775 686 equitati
792 645 987 686 propinquis,
1012 645 1091 676 alias
1109 646 1345 686 nequiverimus
1370 646 1524 683 obtinere,
1549 645 1669 676 habeat
1685 656 1741 676 nos
1758 656 1854 686 super

202 695 262 726 hiis
287 696 375 737 regia
400 696 602 737 providentia
626 707 799 736 quesumus
824 700 1002 727 excusatos.

269 768 274 769 ν
308 747 382 778 Dat.
409 748 603 785 Avinionl'e'),
627 747 751 778 XVIII.
776 747 848 778 Kal.
874 747 1075 784 Decembris,
1099 759 1181 779 anno
1206 748 1317 778 XIIII.

716 923 790 957 666.
829 921 1066 958 CREATIO
1091 921 1336 957 NOTARII.

870 989 976 1023 1329.
1018 988 1109 1023 Nov.
1133 989 1189 1023 24.

306 1064 360 1094 Ea·
383 1063 568 1095 Protocollc's
592 1064 710 1094 notarii
732 1063 909 1093 Bene-enati
932 1063 1088 1101 quondam
1116 1063 1249 1093 Cin-rada
1275 1063 1307 1093 ἰιι
1330 1063 1457 1094 (crelam
1486 1065 1680 1095 azotariorum
1710 1065 1856 1097 Ute'nensess

199 1115 296 1146 edidit
320 1126 348 1146 (ι.
368 1116 461 1146 1345.
484 1115 623 1145 Bianehe?
646 1114 844 1146 ί1)(Μιιηιωιίιῖ
869 1125 924 1154 per
948 1114 979 1144 ῖα
1003 1115 1101 1144 storia
1124 1114 1173 1145 «loz
1196 1114 1317 1144 Frizcli'
1335 1114 1383 1151 II,
1401 1116 1464 1145 3115
1487 1125 1535 1145 nr.
1555 1117 1625 1146 001.
1674 1116 1855 1148 Editiomm

198 1167 368 1206 repetimus
394 1167 425 1196 in
451 1167 596 1197 momnis
619 1169 797 1197 correctam.

311 1226 361 1267 Cf.
386 1235 484 1267 snpra
508 1236 556 1256 ur.
576 1228 646 1256 25¹5.

307 1304 366 1334 Die
391 1303 514 1333 XXIV.
539 1304 677 1334 intrante
701 1303 887 1337 Novembri,
913 1304 942 1334 in
968 1303 1076 1343 Burgo
1101 1303 1209 1334 Sancti
1234 1304 1321 1334 Petri
1345 1305 1375 1334 in
1401 1304 1496 1334 domo
1521 1305 1678 1345 Principis
1702 1305 1854 1343 Hosterii,

198 1355 400 1397 presentibus
423 1355 492 1395 ipso
516 1355 675 1396 Principe,
702 1356 854 1396 magistro
880 1355 1000 1385 Balisio
1026 1355 1176 1395 Cirolago
1201 1355 1400 1392 Civitatensi,
1424 1356 1587 1386 chdrico
1613 1357 1676 1387 tilio
1701 1357 1855 1388 Hendree

199 1408 239 1438 de
264 1408 356 1443 Zina,
382 1406 565 1437 Guillielmo
590 1406 654 1437 filio
684 1407 759 1437 olim
784 1407 890 1437 Yilani
922 1407 961 1437 de
987 1406 1152 1440 Romanza
1182 1410 1402 1437 commorante
1434 1407 1464 1437 in
1489 1407 1597 1448 Bul-go
1622 1408 1728 1438 Sancti
1754 1408 1854 1447 Petri,

198 1459 363 1490 Zambello
390 1458 555 1489 Menelotii
585 1458 624 1489 de
654 1458 837 1489 Mediolano
866 1462 1084 1489 commorante
1116 1469 1186 1488 cum
1219 1458 1346 1489 domino
1377 1459 1558 1498 patriarcha
1586 1459 1734 1500 Pagano,
1765 1460 1856 1491 Man-

198 1510 323 1542 fredino
348 1510 387 1540 de
413 1510 442 1539 la
467 1510 566 1540 Turre
592 1509 630 1541 de
652 1509 836 1541 Mediolano
861 1509 994 1541 testibus
1020 1515 1051 1540 et
1075 1510 1145 1540 aliis
1169 1509 1208 1540 ad
1233 1509 1293 1540 hoc
1318 1510 1500 1551 specialiter
1524 1511 1644 1541 voeatis
1669 1515 1701 1542 et
1724 1513 1853 1553 rogatis.

307 1561 373 1592 Nos
398 1560 503 1592 Guido
528 1561 589 1592 Dei
613 1562 717 1602 gratia
741 1572 849 1592 comes
875 1562 1034 1602 palatinus
1058 1562 1140 1592 filius
1165 1561 1327 1602 quondam
1352 1562 1468 1592 nobilis
1492 1563 1547 1592 viri
1574 1562 1694 1593 domini
1712 1563 1854 1594 Gnidioli

199 1614 323 1645 comitis
360 1613 399 1643 de
428 1613 574 1643 Lomello
611 1613 771 1643 districtus
801 1613 903 1654 Papio
940 1624 997 1654 per
1032 1617 1197 1653 presentes
1230 1616 1338 1644 notum
1376 1614 1508 1644 facimus
1543 1614 1697 1644 universis
1728 1616 1853 1655 imperii

197 1665 337 1696 Romani
361 1664 507 1695 fidelibus
537 1668 601 1694 tam
626 1664 828 1705 presentibus
856 1675 951 1705 quam
981 1664 1107 1701 futuris,
1143 1664 1228 1704 quod
1262 1675 1318 1695 nos
1354 1664 1551 1695 confidentes
1587 1665 1625 1695 de
1658 1666 1721 1696 fide
1757 1670 1853 1707 atque

197 1716 368 1757 prudentia
392 1716 495 1746 Mauri
519 1716 594 1746 olim
619 1715 757 1746 Malfatti
782 1715 821 1746 de
846 1716 1006 1756 Torgiano
1031 1726 1113 1745 nunc
1138 1715 1282 1746 Civitatis
1306 1716 1435 1746 Austrie
1461 1716 1653 1757 Aquilegen.
1679 1717 1770 1751 dioc..
1800 1719 1853 1758 qui

198 1768 407 1809 corporaliter
431 1768 471 1797 ad
495 1771 605 1797 sancta
622 1767 683 1797 Dei
708 1767 877 1807 euangelia
902 1767 993 1797 nobis
1017 1768 1133 1797 iuravit
1156 1766 1262 1797 facere
1288 1767 1443 1797 instruere
1468 1767 1564 1797 filium
1591 1778 1682 1798 suuni
1700 1768 1854 1799 Iacobum

156 1832 167 1843 ο
200 1820 391 1853 litteraliter,
416 1822 450 1849 ut
474 1820 639 1849 scientiam
665 1822 718 1849 aut
742 1822 843 1849 artem
870 1822 901 1849 et
926 1819 1065 1849 officium
1091 1818 1318 1848 tabellionatus
1342 1819 1441 1858 possit
1466 1829 1523 1858 per
1547 1822 1647 1849 totum
1672 1819 1853 1850 Romanum

202 1871 370 1911 imperium
395 1870 542 1910 legaliter
567 1880 734 1903 exercere.
763 1871 954 1900 auctoritate
984 1869 1074 1900 nobis
1101 1870 1282 1910 nostrisque
1314 1869 1597 1910 predecessoribus
1627 1871 1667 1900 ab
1696 1871 1853 1912 imperiali

201 1923 370 1952 maiestate
396 1931 556 1958 concessa,
581 1924 674 1961 prout
698 1921 728 1950 in
752 1921 867 1951 nostris
892 1921 1066 1961 privilegiis
1091 1921 1279 1955 continetur,
1308 1920 1462 1951 Iacobum
1486 1921 1585 1951 filium
1610 1922 1727 1962 prefati
1751 1922 1853 1953 Mauri

203 1974 242 2004 de
268 1978 336 2004 arte
361 1977 393 2003 et
418 1972 522 2002 officio
547 1974 669 2003 notarie
694 1983 766 2002 cum
792 1983 895 2012 penna
925 1976 957 2003 et
984 1973 1131 2013 pugillari
1160 1973 1360 2011 investimus,
1392 1973 1553 2013 publicum
1585 1973 1792 2005 tabellionem
1822 1978 1854 2005 et

200 2026 360 2056 notarium
386 2025 615 2054 constituentes
639 2023 776 2054 eundem
802 2023 876 2053 licet
900 2024 1054 2054 minorem
1083 2023 1252 2054 duodecim
1278 2034 1443 2063 annorum,
1468 2025 1525 2055 sed
1550 2025 1703 2055 maiorem
1729 2028 1852 2066 septem

202 2087 372 2114 annorum.
405 2076 542 2116 receptis
566 2078 672 2105 tamen
699 2075 784 2115 prius
808 2074 848 2104 ab
877 2085 915 2105 eo
940 2075 1009 2105 vice
1034 2078 1065 2105 et
1090 2076 1217 2105 nomine
1246 2075 1507 2106 excellentissimi
1532 2076 1685 2107 Ludovici
1714 2077 1852 2117 impera-

202 2129 278 2159 toris
296 2128 473 2158 iuramento
498 2137 534 2157 ac
552 2127 771 2168 promissione.
820 2126 881 2161 Qui
898 2127 1013 2156 iuravit
1037 2130 1069 2157 et
1085 2127 1231 2167 promisit
1247 2138 1407 2167 nunquam
1426 2138 1495 2157 esse.
1513 2128 1688 2158 contrarius
1705 2128 1854 2159 Romano

199 2180 335 2220 imperio
360 2189 463 2219 neque
487 2178 579 2208 nobis
603 2181 634 2208 et
658 2178 684 2208 si
707 2178 823 2208 sentiet
847 2181 903 2208 aut
925 2177 1035 2208 audiet
1057 2177 1199 2218 aliquod,
1224 2182 1355 2219 propter
1379 2178 1463 2219 quod
1488 2189 1654 2219 possemus
1679 2183 1734 2210 aut
1755 2179 1854 2211 debe-

200 2241 307 2262 remus
331 2230 467 2270 perdere
492 2231 589 2260 vitam
614 2230 663 2259 vel
688 2229 883 2267 membrum,
914 2229 1006 2259 nobis
1030 2230 1136 2260 statim
1163 2240 1259 2270 quam
1282 2231 1423 2270 potuerit
1447 2230 1672 2261 manifestabit.
1723 2230 1853 2262 (fartam

200 2285 255 2313 aut
284 2281 435 2321 scriptum
467 2280 595 2321 aliquod
625 2280 666 2310 ad
699 2280 839 2310 officium
867 2281 990 2310 notarie
1019 2281 1181 2320 pertinens
1208 2291 1371 2321 nunquam
1400 2281 1514 2312 falsum
1544 2282 1650 2312 faciet.
1712 2282 1852 2319 Cartam,

201 2336 428 2364 testamentum
453 2333 648 2362 autenticum
674 2336 705 2361 et
734 2332 839 2361 omnia
864 2342 925 2372 que
954 2332 1143 2373 autenticari
1173 2331 1335 2362 debebunt
1370 2343 1430 2362 non
1461 2333 1670 2363 autenticabit
1698 2334 1728 2363 in
1758 2335 1853 2364 cartis

198 2384 319 2415 abrasis
342 2383 498 2414 bombicis
522 2387 577 2414 aut
600 2383 712 2424 papiri.
760 2383 949 2413 Contractus
973 2393 1058 2421 vero,
1083 2386 1163 2417 aeta.
1189 2388 1302 2422 cartas,
1327 2387 1529 2421 testamenta,
1556 2384 1753 2423 donationes,
1778 2396 1851 2426 pro-

198 2436 316 2466 tocolla
341 2438 372 2466 et
400 2435 507 2465 omnia
538 2445 599 2475 que
624 2434 662 2464 ad
694 2437 795 2464 artem
828 2437 859 2463 et
888 2433 1027 2464 officium
1058 2437 1205 2474 spectant
1235 2445 1306 2465 cnm
1331 2436 1459 2465 nomine
1488 2446 1544 2465 suo
1574 2439 1606 2465 et
1635 2436 1724 2476 signo
1756 2447 1851 2467 manu

198 2488 327 2528 propria
351 2486 468 2517 scribet
493 2490 525 2516 et
549 2486 768 2516 autenticabit.
820 2485 914 2516 Dicta
944 2495 1072 2526 quoque
1096 2487 1225 2516 testium
1250 2486 1333 2517 bona
1357 2487 1420 2517 fide
1452 2488 1518 2518 sine
1544 2487 1655 2518 fraude
1680 2487 1796 2517 scribet
1820 2492 1852 2517 et

199 2539 341 2579 recipiet.
389 2537 514 2578 Scripta
530 2548 605 2567 vero
631 2541 662 2568 et
680 2538 795 2574 omnia,
821 2547 881 2578 que
906 2536 965 2567 sibi
990 2538 1020 2567 in
1037 2536 1202 2567 credentia
1218 2538 1321 2568 relata
1338 2537 1455 2568 fuerint
1479 2538 1519 2568 ad
1537 2542 1638 2568 artem
1663 2542 1695 2569 et
1711 2538 1850 2569 officium

199 2591 321 2621 notarie
346 2589 534 2630 spectantia,
558 2589 680 2629 private
704 2588 840 2627 tenebit,
869 2588 970 2619 donec
998 2588 1125 2629 publice
1154 2588 1193 2619 ab
1218 2588 1288 2619 aliis
1317 2589 1435 2619 fuerint
1463 2589 1636 2630 divulgata.
1696 2589 1850 2620 Rationes

199 2644 306 2671 autem
331 2651 386 2671 seu
411 2641 479 2670 iura
504 2640 720 2677 eeclesiarum,
745 2640 960 2680 hospitalium,
986 2639 1162 2678 viduarum,
1187 2640 1401 2680 orphanorum
1428 2644 1459 2671 et
1476 2641 1668 2681 pupillorum
1686 2640 1770 2670 bona
1786 2640 1849 2670 fide

198 2692 428 2723 manutenebit.
475 2691 630 2721 Preterea
655 2691 739 2732 quod
764 2691 867 2721 dictus
890 2691 1027 2721 Iacobus
1055 2690 1175 2721 nullum
1204 2691 1348 2722 ordinem
1374 2702 1497 2722 sacrum
1522 2692 1641 2722 habeat
1664 2701 1769 2731 neque
1794 2691 1848 2721 ulli

198 2743 269 2773 loco
294 2743 443 2783 religioso
474 2743 591 2773 existat
615 2742 779 2772 dedicatus
809 2746 841 2773 et
869 2742 955 2783 quod
984 2743 1101 2772 existat
1130 2742 1212 2773 liber
1240 2742 1335 2773 homo
1365 2746 1397 2772 et
1427 2742 1621 2783 generaliter
1653 2743 1758 2772 onmia
1786 2742 1848 2771 alia

199 2804 261 2835 que
296 2793 336 2824 ad
368 2795 469 2834 ipsam
501 2797 602 2824 artem
637 2794 761 2823 notarie
792 2796 936 2834 spectant
971 2792 1170 2835 [secundum]
1199 2793 1365 2824 fidelitatis
1394 2798 1425 2824 et
1458 2794 1552 2823 officii
1586 2793 1846 2823 consuetudinem

198 2844 337 2875 fideliter
360 2848 392 2876 ct
415 2845 614 2885 integraliter
637 2844 743 2875 facere
769 2848 800 2875 et
824 2844 995 2875 observare
1020 2844 1146 2875 iurabit.
1194 2844 1417 2875 Concessimus
1434 2845 1589 2885 siquidem
1609 2844 1712 2874 eidem
1730 2843 1847 2874 Iacobo

301 2912 366 2938 665.
394 2912 419 2943 b)
439 2914 474 2938 ita
493 2922 512 2938 e.

301 2971 339 2989 u..
352 2972 563 2989 consrirnwonns
579 2972 614 2989 VI.
1608 2963 1637 2987 ἶ1
