2205 3025
150 719 174 738 10

148 977 171 994 15

147 1235 174 1254 20

148 1490 172 1510 25

144 1748 170 1767 30

139 2006 165 2025 35

140 2263 168 2281 40

628 162 724 189 ACTA
745 162 858 189 REGNI
878 163 1062 190 LUDEWICI
1081 163 1127 190 IV.
1183 165 1258 191 1330.
1295 165 1342 191 ΝΥ,
1356 166 1414 192 671.
1789 171 1850 200 567

195 248 411 288 libertatibus,
436 248 624 287 honoribus,
655 249 766 290 gratiis
791 252 822 279 et
846 249 1021 290 privilegiis
1045 255 1164 281 aliorum
1188 256 1347 290 principum
1371 258 1531 283 nostrorum
1556 260 1584 284 et
1608 258 1719 292 imperii
1742 267 1851 285 necnon

195 304 323 331 homines
347 305 508 331 eorumdem
530 304 691 330 hominibus
716 304 834 331 aliorum
851 304 1009 338 principum
1031 307 1192 332 nostrorum
1215 309 1273 333 tam
1297 307 1326 333 in
1348 308 1471 341 parendo
1497 314 1591 344 quam
1616 306 1645 335 in
1671 310 1772 336 stando
1796 310 1850 336 iuri

195 363 279 388 quam
303 355 366 381 aliis
389 355 579 386 libertatibus,
603 351 714 392 gratiis
738 357 766 381 et-
786 355 893 381 iuribus
910 364 960 390 per
976 357 1071 383 omnia
1094 354 1221 393 penitus
1245 359 1429 392 adequantes.
1474 355 1663 387 Adicientes
1687 357 1783 387 etiam
1808 356 1849 387 ad

196 402 361 442 premissa,
385 402 472 444 quod
494 413 558 433 non
579 402 726 433 obstante
751 403 776 432 si
801 403 896 433 alicui
913 403 983 433 vela
1007 403 1167 444 aliquibus
1191 406 1326 446 principi
1343 406 1394 436 vel
1419 406 1615 447 principibus
1639 419 1694 439 seu
1718 408 1850 439 alterius

195 455 420 495 cuiuscumque
445 453 619 494 dignitatis,
648 455 879 494 preeminentie
903 455 970 484 sive
1001 457 1102 486 status
1130 466 1266 496 persone
1291 457 1464 497 spiritualis
1492 462 1547 489 aut
1575 458 1726 489 secularis
1754 459 1850 489 fuerit

193 506 244 536 vel
268 505 395 544 fuerint⁷
419 516 477 546 per
503 516 560 536 nos
585 508 639 536 aut
662 509 883 536 antecessores
906 509 1031 536 nostros
1059 507 1271 548 imperatores
1296 511 1351 539 aut
1374 508 1593 540 Romanorum
1622 520 1715 551 reges
1743 511 1848 551 gratia

192 556 304 587 similis
332 557 372 587 sit
401 556 523 587 indulta
553 559 586 587 et
613 567 764 587 concessa
792 557 1044 598 quibuscumque
1073 557 1187 589 litteris
1211 562 1266 589 aut
1288 559 1396 600 legum
1420 561 1633 591 amminiculis
1657 561 1781 601 fulcita,
1808 562 1847 592 de

192 607 306 648 quibus
330 609 361 638 in
386 607 588 648 presentibus
611 609 760 649 specialis
784 612 869 639 esset
892 608 1041 639 habenda
1066 611 1202 646 mencio.
1228 610 1344 651 quibus
1368 611 1472 651 quoad
1492 612 1633 653 predicta
1659 613 1848 644 auctoritate

192 659 350 700 imperiali
374 659 576 699 presentibus
601 659 783 690 omnimode
809 659 1001 700 derogamus
1032 660 1216 702 nullumque
1241 661 1325 692 dicto
1348 661 1503 693 Bel-toldo
1528 664 1636 694 comiti
1659 663 1847 694 heredibus-

193 721 255 751 que
279 710 343 740 suis
367 713 399 740 et
423 710 604 741 hominibus
628 711 768 751 ipsorum
792 711 924 751 possint.
950 711 1091 742 debeant
1114 722 1172 742 nec
1197 713 1325 743 valeant
1348 714 1553 753 preiuditium
1578 725 1744 755 generare.

301 763 329 792 3.
366 762 589 793 Concedentes
612 761 835 792 nichilominus
864 765 896 792 et
920 762 1122 793 conferentes
1149 767 1283 804 propter
1309 764 1405 795 fidem
1436 769 1467 795 et
1496 765 1722 805 devocionem.
1752 777 1847 807 quam

192 824 269 854 erga
293 824 350 843 nos
372 814 456 854 gerit
480 816 512 844 et
534 814 634 854 gessit
656 813 741 844 idem
766 813 947 853 Boi-toldus,
972 814 1032 845 sibi
1056 816 1184 856 suisque
1209 815 1382 846 heredibus
1406 817 1436 846 in
1460 820 1583 848 rectum
1608 821 1640 848 et
1657 821 1848 859 perpetuum

191 865 323 896 feodum
348 878 444 896 omnes
468 864 674 903 aurifodinaS,
699 869 932 903 argentifodinas,
958 870 1070 896 salinas
1095 870 1127 896 ct
1152 867 1257 897 omnia
1281 871 1338 897 alia
1360 872 1477 898 metalla
1494 882 1680 906 quecumque,
1705 880 1767 910 que
1791 882 1847 900 am-

191 921 273 948 modo
290 921 319 947 in
335 922 412 947 terra
427 930 476 947 sua
493 922 615 954 reperta
640 920 755 952 fuerint,
780 923 811 947 ut
835 930 873 947 ea
896 920 929 947 in
953 930 1027 947 usus
1052 918 1198 958 proprios
1223 917 1324 949 libere
1348 926 1525 950 convertere
1549 921 1649 960 possit
1674 924 1706 950 et
1730 921 1845 958 valeat.

192 969 321 1000 valeant
347 971 443 1008 atque
473 968 595 1008 possint
623 973 651 998 et
679 974 738 998 tam
766 972 826 1006 ipse
850 981 934 1005 quam
963 973 1006 998 sni
1037 973 1166 1005 heredes,
1198 974 1270 1000 sicut
1294 975 1329 1000 ad
1353 975 1501 1008 imperium
1530 978 1559 1002 et
1582 985 1632 1001 nos
1657 978 1845 1010 spectarent,

189 1033 251 1050 cum
274 1024 412 1050 universis
436 1023 493 1049 suis
517 1023 701 1057 proventibus
726 1023 784 1049 iure
809 1024 914 1050 feodali
942 1023 1098 1060 perpetue
1124 1025 1289 1058 possideant
1312 1027 1341 1051 et
1365 1027 1482 1052 teneant
1499 1026 1549 1059 [et]
1569 1027 1597 1053 in
1622 1027 1684 1059 hiis,
1709 1029 1846 1061 quantum

189 1076 224 1102 ad
252 1075 295 1101 ius
318 1075 430 1109 imperii
454 1074 590 1108 pertinet,
621 1083 670 1108 pro
695 1075 841 1101 commodo
869 1077 898 1101 et
921 1075 1069 1102 utilitate*
1093 1077 1261 1110 disponendi
1290 1073 1467 1113 plenariam
1498 1076 1530 1103 et
1557 1078 1693 1104 liberam*
1722 1079 1847 1106 habeant

192 1127 357 1153 facultatem
368 1122 388 1152 ¹.

300 1177 328 1204 4.
364 1173 550 1204 Statuentes
574 1174 671 1204 otiam
695 1177 727 1204 ct
744 1173 897 1207 volentos.
922 1179 998 1212 quod
1022 1179 1044 1205 si
1069 1179 1131 1212 quis
1155 1180 1299 1206 accionem
1323 1180 1447 1213 aliquam
1471 1181 1603 1207 adversus
1628 1181 1755 1207 homines
1772 1190 1845 1216 suos.

193 1230 393 1263 cuiuscumque
418 1231 509 1256 status
534 1229 577 1255 vel
601 1230 775 1256 condicionis
800 1230 933 1259 existant.
959 1240 1044 1264 super
1067 1240 1243 1264 quacumque
1268 1240 1352 1257 causa
1376 1232 1452 1258 civili
1476 1233 1519 1257 vel
1544 1233 1683 1258 criminali
1706 1233 1846 1265 habuerit,

189 1282 268 1308 illam
284 1290 378 1308 coram
394 1282 455 1316 ipso
470 1276 625 1307 Bcrtoldo
643 1282 746 1308 comite
763 1282 819 1308 suis
829 1291 893 1315 que
911 1282 1060 1309 heredibus
1078 1285 1106 1309 et
1121 1283 1198 1309 nullo
1215 1283 1272 1309 alio
1289 1283 1380 1309 iudice
1396 1283 1527 1316 primitus
1544 1286 1732 1317 prosequatur
1749 1285 1846 1318 illique

189 1334 323 1360 reddatur
350 1342 400 1368 per
427 1342 489 1359 eum
518 1333 572 1359 vel
601 1342 648 1359 eos
677 1334 710 1359 de
743 1334 904 1360 hominibus
929 1334 1034 1360 eisdem
1063 1334 1143 1360 iuxta
1172 1334 1240 1360 iuris
1269 1334 1443 1369 exigentiam
1472 1334 1582 1361 iusticie.
1611 1336 1847 1370 conplementum.

189 1385 269 1417 Quod
293 1385 315 1410 si
341 1385 413 1412 idem
438 1380 608 1411 Bertoldus
633 1393 725 1411 comes
750 1387 799 1411 aut
823 1386 940 1412 heredes
964 1386 1006 1411 sui
1031 1386 1059 1411 in
1084 1386 1225 1412 reddenda
1251 1386 1365 1412 iusticia
1390 1381 1570 1422 querulanti
1594 1392 1649 1412 scu
1673 1387 1845 1420 querulanti-

189 1437 240 1463 bus
265 1445 358 1463 eoram
382 1445 414 1463 eo
440 1437 484 1462 vcl
508 1436 547 1462 eis
571 1436 732 1470 neglientes
757 1433 913 1472 comperti
939 1437 1043 1463 fuerint
1069 1437 1110 1463 vel
1137 1437 1258 1468 remissi,
1290 1437 1417 1463 volumus
1446 1439 1477 1463 ut
1506 1439 1609 1463 extunc
1638 1438 1691 1471 ipsi
1720 1438 1846 1465 homines

193 1488 304 1514 comitis
327 1488 476 1514 memorati
500 1488 544 1514 vel
569 1488 701 1514 heredum
726 1497 856 1516 suorum,
885 1488 933 1521 qui
958 1488 997 1514 sic
1021 1488 1106 1514 tracti
1130 1490 1195 1514 sunt
1220 1489 1247 1514 in
1273 1497 1398 1520 causam,
1429 1497 1523 1514 coram
1547 1489 1628 1515 nobis
1652 1491 1712 1515 aut
1739 1495 1846 1516 corani

190 1539 280 1566 iudice
305 1539 380 1565 curie
409 1541 504 1566 nostre
528 1548 580 1565 nec
608 1539 677 1565 alibi
705 1539 913 1565 conveniantur
941 1541 969 1566 et
998 1540 1101 1566 ibidem
1132 1540 1286 1573 recipiatur
1315 1549 1331 1566 a
1363 1540 1492 1574 part-ibus
1522 1540 1586 1566 hinc
1616 1539 1647 1566 et
1676 1541 1740 1567 inde
1768 1541 1847 1574 quid

189 1591 342 1616 dictaverit
365 1591 432 1617 ordo
456 1590 533 1616 iuris.
579 1590 606 1616 Si
630 1591 692 1624 quis
717 1593 812 1618 autem
836 1591 959 1624 aliquem
979 1592 1022 1617 vel
1045 1592 1155 1625 aliquos
1179 1601 1212 1618 ex
1237 1592 1397 1618 hominibus
1414 1587 1559 1618 Bertoldi
1581 1593 1692 1618 comitis
1710 1593 1751 1619 vel
1770 1593 1846 1619 here-

191 1643 256 1668 dum
281 1651 394 1668 suorum
420 1642 611 1676 predictorum
637 1645 736 1669 eontra
759 1643 920 1669 huiusmodi
942 1643 1035 1677 gratie
1059 1645 1154 1669 nostre
1173 1645 1298 1669 tenorem
1324 1642 1355 1668 et
1379 1640 1617 1670 concessionem
1643 1652 1735 1670 coram
1752 1640 1846 1670 alieno

190 1693 283 1720 iudice
301 1702 402 1719 vexare
420 1693 463 1720 vel
482 1694 696 1726 quomodolibet
714 1695 863 1721 convenire
881 1696 1063 1728 presumeret,
1088 1695 1111 1720 is
1128 1694 1355 1728 indignacionem
1373 1697 1497 1720 nostram
1522 1704 1550 1721 se
1568 1695 1683 1722 senciet
1706 1692 1846 1731 graviter

190 1745 339 1771 incurrisse
364 1746 391 1771 et
415 1744 614 1771 nichilominus
643 1754 739 1772 omnes
764 1755 909 1780 processus
941 1748 969 1771 et
993 1746 1152 1772 sentencias
1183 1747 1281 1772 contra
1312 1745 1402 1772 dictos
1430 1746 1560 1772 homines
1590 1747 1663 1772 latos
1696 1756 1744 1773 seu
1772 1747 1845 1773 latas

186 1797 292 1822 nullam
316 1796 492 1822 decernimus
516 1796 618 1823 habere
642 1797 750 1823 roboris
774 1797 936 1823 firmitatem
960 1806 1012 1823 nec
1035 1797 1104 1830 ipsis
1138 1797 1166 1822 in
1192 1797 1252 1823 iure
1277 1806 1326 1823 suo
1350 1799 1549 1823 nocumentum
1573 1798 1693 1824 afferant
1717 1799 1760 1824 vel
1784 1807 1843 1832 pre—

187 1848 320 1874 iudicium
344 1848 460 1881 aliquod
484 1848 597 1874 valeant
619 1857 765 1882 generare.

295 1898 322 1925 5.
357 1894 570 1926 Conferentes
587 1896 683 1925 etiam
702 1899 791 1925 eidem
812 1895 968 1925 Bertoldo
986 1895 1095 1926 comiti
1112 1901 1235 1926 castrum
1252 1901 1286 1926 et
1306 1899 1460 1926 dominium
1478 1899 1763 1932 Henninbergen(se)
1780 1902 1845 1934 post

186 1959 320 1984 eumque
345 1950 508 1977 tenentibus
534 1949 567 1976 et
594 1947 718 1977 tenenti
734 1951 906 1977 auctoritate
930 1953 1028 1977 nostra
1044 1947 1251 1987 imperatoria
1275 1960 1325 1985 per
1348 1953 1476 1985 tempora
1500 1951 1556 1978 rite
1580 1960 1636 1982 sue,
1661 1951 1791 1977 videlicet
1815 1954 1846 1978 ut

186 2002 287 2036 viginti
316 2010 462 2036 personas,
494 2002 644 2028 dumtaxat
672 2002 795 2035 spurios.
832 2002 970 2029 manzires
995 2003 1038 2029 vel
1067 2003 1151 2029 aliter
1174 2002 1337 2036 illegittime
1367 2004 1458 2034 natos,
1487 2002 1660 2036 legittimare
1688 2003 1782 2029 valeat
1809 2003 1844 2029 ad

189 2054 392 2080 succedencium
416 2053 581 2087 parentibus
610 2055 644 2080 et
669 2053 853 2080 obtinendum
878 2055 999 2080 honores
1024 2054 1121 2080 civiles
1151 2056 1180 2080 et
1203 2054 1347 2087 quoslibet
1377 2056 1456 2080 actus
1480 2054 1636 2087 legittimos
1665 2055 1844 2081 exercendos

188 2105 264 2132 omni
288 2105 380 2136 modo,
404 2105 462 2131 acsi
486 2106 581 2131 essent
604 2105 744 2139 legittime
761 2106 911 2139 procreati,
936 2115 993 2132 non
1017 2105 1149 2132 obstante
1170 2106 1232 2139 lege
1257 2114 1310 2139 que
1336 2105 1455 2139 spurios,
1481 2105 1616 2132 manzires
1640 2107 1669 2131 et
1692 2106 1762 2132 alios
1786 2106 1844 2132 ille-

186 2157 299 2191 gittime
323 2158 406 2183 natos
428 2156 602 2190 legittimare
618 2153 773 2190 prohibet2
799 2159 827 2183 et
851 2157 1003 2183 cuiuslibet
1026 2157 1094 2183 iuris
1119 2157 1235 2183 ¹alterius
1260 2157 1386 2183 edicione
1409 2157 1559 2187 contraria,
1584 2157 1684 2190 quibus
1707 2158 1843 2190 quantum

187 2210 230 2234 est
254 2208 354 2244 quoad
377 2210 536 2242 presentem
562 2208 796 2242 legittimacionis
815 2217 918 2240 casum,
944 2218 976 2235 ex
997 2211 1074 2235 certa
1094 2210 1192 2235 nostra
1209 2208 1328 2235 scientia
1352 2210 1380 2234 et
1401 2208 1572 2234 auctoritate
1596 2206 1704 2235 nostra
1728 2209 1843 2242 speciali

187 2255 273 2286 idem
298 2254 471 2286 Bel'toldus
496 2265 604 2286 comes
628 2260 735 2293 poterit
759 2259 904 2294 derogare.
958 2259 1002 2285 Ad
1025 2260 1078 2286 hoc
1107 2260 1197 2286 eidem
1221 2268 1254 2285 ex
1279 2259 1376 2286 eadem
1400 2259 1515 2292 speciali
1538 2258 1631 2293 gratia
1655 2260 1840 2289 concedimusv

186 2311 261 2344 quod
286 2311 419 2337 similiter
448 2319 498 2344 per
521 2312 650 2345 tempora
674 2311 732 2337 vit-e
756 2320 805 2338 sue
829 2312 927 2338 eadem
956 2312 1044 2337 fultus
1073 2311 1244 2337 auctoritate
1274 2305 1433 2346 imperiali
1461 2310 1575 2336 decem*
1598 2310 1688 2344 possit
1716 2311 1842 2337 notarios

186 2362 314 2396 publicos
344 2362 536 2394 constituere,
562 2368 672 2389 creare
702 2364 731 2389 et
755 2363 846 2389 facere
874 2363 909 2389 ad
934 2371 1013 2389 suum
1043 2362 1192 2388 arbitrium
1221 2362 1377 2396 eligendos,
1405 2361 1530 2395 ydoneos
1557 2363 1653 2388 tamen
1681 2364 1710 2388 et
1739 2362 1842 2390 fideles,

186 2414 235 2447 qui
260 2413 351 2440 sciant
375 2415 403 2440 et
424 2414 538 2440 valeant
554 2414 608 2440 rite
625 2414 785 2441 huiusmodi
802 2414 924 2440 officium
941 2422 1078 2445 exercere,
1156 2414 1338 2447 easdem*que
1355 2413 1595 2447 legittimacionis,
1620 2413 1840 2439 constitucionis

186 2467 215 2491 et
238 2461 413 2491 creacionis
438 2461 639 2501 publicorum
664 2466 841 2492 notariorum
865 2466 973 2499 gratias
1000 2466 1026 2491 in
1052 2466 1254 2492 descendentes
1283 2474 1315 2491 ex
1340 2473 1372 2490 eo
1396 2465 1512 2491 heredes
1540 2467 1569 2491 et
1592 2465 1663 2491 filios
1688 2465 1841 2498 legittimos

142 2520 170 2539 45
190 2512 366 2542 nascituros
391 2515 423 2542 et
446 2515 537 2542 natos
562 2513 746 2552 plenissime
771 2517 973 2549 diffundentes,
1001 2517 1211 2543 concedentes
1236 2512 1332 2542 etiam
1361 2516 1394 2542 de
1423 2516 1599 2550 plenitudine
1627 2516 1718 2549 gratie
1746 2518 1840 2541 nostre

186 2568 219 2592 et
242 2563 447 2603 imperatorie
472 2564 659 2603 maiestatis,
685 2564 771 2604 quod
795 2569 963 2602 quicumque
987 2568 1150 2602 proximus*
1171 2570 1234 2602 post
1261 2576 1323 2594 eum
1347 2569 1469 2593 castrum
1493 2570 1522 2593 et
1545 2567 1699 2593 dominium
1716 2566 1838 2592 Hennin<

188 2617 347 2651 bergense
371 2619 503 2650 tenuerit,
528 2619 719 2653 legittimandi
736 2620 832 2646 decem
849 2628 983 2653 personas
1000 2620 1206 2653 illegittimas&
1232 2619 1431 2644 constituendi
1449 2620 1477 2645 et
1501 2613 1629 2644 creandi
1647 2626 1693 2643 sex
1711 2617 1836 2642 notarios

286 2706 351 2733 671.
380 2708 402 2739 ²)
422 2709 443 2732 si
462 2709 541 2733 alicui
560 2709 600 2734 vel
619 2709 647 2733 in
666 2709 720 2733 loco
740 2717 801 2733 raso
821 2718 858 2734 or.

292 2774 317 2806 1)
337 2773 510 2807 ίΗενιηώεηχςγ.
526 2775 746 2802 Urlcmzdeubzceh'
760 2777 782 2809 I,
796 2781 826 2803 18
838 2785 880 2803 aar.
893 2780 935 2804 26:
956 2777 1020 2810 Req.
1033 2777 1094 2809 imp.
1110 2777 1134 2803 V
1145 2785 1187 2803 nr.
1203 2779 1262 2803 860.
1337 2777 1363 2802 21
1384 2776 1455 2801 Nor.
1470 2778 1511 2806 89.
1524 2779 1564 2801 15:
1583 2774 1616 2805 sf-
1631 2773 1692 2799 Cocl.
1707 2776 1730 2799 ὖ·
1746 2776 1784 2804 27,
1798 2775 1838 2798 10·

1878 759 1935 778 1216.

1865 784 1907 803 Mai
1923 786 1954 804 12.

1862 1187 1882 1207 V
1898 1194 1928 1208 nr.
1939 1190 1984 1209 300.

1873 1880 1911 1904 Vl,
1921 1883 1930 1900 1

1859 1911 1891 1926 nr.
1903 1908 1941 1927 263

1860 1937 1906 1958 cap.
1917 1934 1936 1952 2.

1856 2271 1902 2292 cap.
1914 2268 1932 2286 3.

1856 2424 1900 2444 cap.
1912 2422 1930 2439 ⁴.
