2205 3025
258 1688 322 1708 190111.
335 1690 359 1709 21

281 2105 331 2130 Api.
347 2109 353 2125 1

382 147 442 174 :1035
619 141 712 167 ACTA
734 140 847 166 HEC-Ni
867 140 1049 166 LUDEWICI
1070 140 1115 166 IV.
1136 140 1179 165 ET
1200 122 1384 165 FRIDERIOE
1405 140 1452 166 ΙΙΙ.
1489 140 1565 166 1329.
1602 139 1650 166 Nr.
1665 140 1723 166 5:31.
1743 140 1799 166 5:32.

381 228 593 259 wrisimiliter
617 230 816 267 cogerentur.
873 226 915 256 Et
943 226 1015 257 ideo
1043 226 1232 256 mandamus
1255 226 1359 265 vobis,
1392 229 1550 267 quatenus
1575 227 1739 257 serenitati
1770 228 1858 268 regie
1883 238 2050 269 remrenss

381 280 500 310 tissime
525 279 720 319 supplicetis,
746 281 902 318 quatenus
927 277 1078 318 predictis
1102 278 1133 308 in
1158 277 1301 308 debitam
1326 277 1614 309 considerationem
1630 278 1777 309 adductis
1800 279 1830 309 in
1855 280 1901 310 eis
1926 279 2036 320 digne-

381 335 429 361 tur
452 330 624 360 salubriter
646 329 816 370 providere
842 332 874 359 et
897 329 1009 370 galeas
1032 329 1117 370 ipsas
1141 329 1181 359 ad
1207 329 1308 359 dictas
1332 332 1439 370 partes
1463 330 1529 359 sine
1555 329 1706 360 dilatione
1731 330 1838 371 aliqua
1863 330 2034 367 destinare,

380 386 413 411 ut
445 392 502 422 per
531 392 639 412 carum
670 381 945 421 impugnationem
975 384 1007 411 et
1037 381 1221 411 missionem
1249 381 1436 411 victualium
1471 380 1580 411 allatio
1609 384 1642 412 et
1673 382 1769 412 maris
1800 382 1915 412 itinera
1945 382 2037 413 dictis

379 433 527 463 hostibus
552 432 751 469 clamlantur,
776 432 910 462 firmiter
926 431 1123 462 attendendo
1148 432 1232 473 quod
1250 433 1391 462 maxime
1416 433 1556 473 presenti
1574 436 1719 473 tempore
1744 444 1806 463 non
1829 436 1938 474 posset
1961 434 2037 474 ipsis

379 486 505 515 Bavaro
532 488 563 514 ct
588 483 798 524 complicibus
822 484 988 514 molestius
1012 486 1045 514 et
1069 484 1278 524 periculosius
1303 484 1503 514 obstaculum
1520 487 1699 514 nostrorum
1716 485 1895 526 sapientum
1920 485 2037 516 iudicio

379 536 555 577 preparari,
582 539 803 566 verumtamen
821 535 907 575 quod
924 535 1075 575 predictis
1100 535 1249 576 omnique
1273 538 1379 566 nostre
1404 536 1589 577 cogitationi
1613 536 1819 576 preponimus
1843 536 1941 566 altam
1966 547 2039 577 pro-

378 587 552 617 videntiam
587 587 676 627 regie
706 587 895 618 maiestatis.
950 586 991 617 Et
1021 587 1106 627 quod
1138 587 1283 628 predicta
1313 591 1344 618 et
1373 587 1435 618 alia
1459 587 1603 618 remedia
1627 589 1790 628 querimus
1813 591 1965 629 tanquam
1993 588 2037 618 hii

379 639 432 679 qui
456 639 598 669 maxima
623 648 774 679 urgemur
792 637 975 669 victualium
1000 642 1146 678 egestate
1172 639 1290 679 quique
1314 649 1332 669 a
1356 639 1451 680 longo
1477 642 1622 680 tempore
1647 640 1724 670 citra
1748 640 1847 679 pressi
1873 650 1981 670 sumus
2005 643 2037 671 et

378 690 525 720 continue
552 691 725 730 premimur
749 689 1001 720 intolerabilibus
1027 689 1175 720 oneribus
1201 700 1425 731 expensarum.
1449 701 1511 721 non
1535 690 1681 721 videntes
1705 690 1866 732 quomodo
1891 691 2035 722 conside-

378 746 447 772 rata
477 742 614 772 hostium
646 741 862 782 predictorum
888 752 1006 782 magna
1036 745 1068 771 et
1093 742 1243 782 contigua
1268 742 1359 773 nobis
1388 742 1532 782 potentia
1556 753 1612 772 nos
1637 745 1669 772 et
1692 742 1806 773 fratres
1830 746 1954 773 nostros
1979 742 2035 774 de-

379 793 521 831 fendere,
546 793 663 823 nedum
690 793 734 823 eis
759 793 906 824 resistere
931 794 989 822 nisi
1014 803 1086 823 cum
1110 793 1226 834 amplis
1249 793 1399 823 subsidiis
1422 793 1582 834 variisque
1607 793 1840 834 provisionibus
1863 795 2035 835 multisque

378 845 530 875 adhibitis
555 844 706 875 remediis
730 845 903 875 valeamus.
962 844 1005 874 Et
1033 844 1118 885 quod
1142 855 1216 875 vere
1247 845 1363 875 scimus
1393 845 1477 886 quod
1501 845 1645 876 Bavarus
1676 848 1788 885 gentes
1819 849 1970 886 expectat
1994 846 2034 876 de

377 897 569 927 Alamannie
595 896 738 937 partibus
763 900 794 926 et
818 896 888 926 aliis
913 899 945 926 et
969 896 1054 937 quod
1078 897 1108 926 in
1133 896 1314 926 civitatibus
1339 900 1371 927 et
1395 896 1590 927 districtibus
1606 897 1751 927 Pisarum
1777 900 1809 927 et
1825 898 1912 927 Luce
1936 907 2035 938 pecu-

378 949 446 978 nias
480 949 566 989 exigi
598 948 675 978 facit
704 948 852 978 continue
888 951 919 978 et
952 948 1036 988 quod
1068 948 1244 988 procedere
1280 948 1416 979 intendit
1450 951 1595 989 tempore
1630 949 1846 989 suprascripto
1882 951 1913 978 et
1949 948 2034 989 quod

379 999 532 1030 dissensio
559 1003 591 1029 et
615 1001 709 1030 timor
733 1003 804 1030 sunt
828 1001 859 1029 in
884 1000 960 1040 ipsis
984 1000 1179 1034 civitatibus,
1205 1011 1266 1040 que
1298 1011 1339 1030 ex
1368 1000 1534 1041 galearum
1565 1000 1747 1030 huiusmodi
1777 1000 1927 1031 missione
1958 1010 2032 1030 con-

378 1055 569 1082 crescerent.
618 1051 742 1082 Scimus
767 1052 863 1082 etiam
889 1051 974 1092 quod
1000 1053 1085 1082 Aezo
1111 1051 1150 1082 de
1176 1051 1358 1082 Mediolano
1384 1056 1532 1093 receptus
1557 1055 1604 1083 est
1627 1052 1659 1082 in
1682 1053 1751 1092 ipsa
1776 1052 1914 1083 civitate.
1962 1052 2032 1087 Que

381 1103 486 1133 omnia
512 1103 659 1133 referatis
684 1104 772 1143 regie
798 1104 957 1134 maiestati
982 1106 1014 1133 et
1038 1103 1101 1133 aliav
1126 1104 1222 1134 etiam
1246 1103 1346 1134 verba
1370 1104 1454 1134 eirca
1478 1104 1537 1134 hec
1561 1103 1685 1135 dicatis.
1716 1114 1777 1144 que
1802 1103 1930 1134 creditis
1955 1114 2029 1134 eon-

379 1155 496 1186 vcuire.
523 1158 554 1185 et
578 1155 638 1185 alia
665 1155 754 1185 vobis
778 1155 927 1194 imposita
951 1155 1073 1186 solicite
1099 1156 1286 1195 procuretis,

487 1206 572 1236 Data
595 1207 768 1239 Florentio.
794 1205 845 1236 die
869 1206 973 1236 XXV.
992 1206 1098 1238 Febr..
1123 1207 1198 1236 XII.
1218 1207 1279 1237 ind.

551 1353 634 1388 552.
678 1355 827 1388 Littam
856 1355 901 1387 ml
929 1355 1051 1397 leontos·
1078 1357 1176 1389 Senis
1203 1357 1399 1390 constitutos
1421 1357 1569 1400 priore-s.
1694 1356 1789 1390 Febr.
1806 1356 1868 1390 535.

494 1436 590 1475 Copia
617 1438 668 1475 (0.1
695 1437 803 1467 [halon
829 1437 848 1467 l.
866 1448 890 1468 c.
914 1437 967 1475 sol.
984 1440 1049 1474 3¹0¹,
1075 1438 1129 1468 ubi
1153 1439 1296 1469 salumn:
1327 1439 1379 1469 Ad
1397 1439 1623 1470 ambaxatores
1640 1439 1827 1469 constitutos
1851 1437 2029 1468 incivitate

380 1488 544 1519 Scnarum.
570 1507 609 1510 „-
633 1488 730 1519 Ded&
755 1488 870 1518 Falso·
894 1488 911 1518 l.
930 1501 953 1519 (J.
973 1500 1006 1528 p.
1026 1490 1085 1519 121
1112 1490 1240 1520 111-,229
1264 1501 1301 1521 ear
1325 1502 1350 1521 c.
1396 1491 1473 1521 Item
1497 1491 1674 1529 repetimus.

487 1578 762 1609 Aumaxatoribus
786 1579 978 1609 Florentinis
1003 1579 1094 1609 Senis
1121 1581 1298 1611 constitutis
1388 1592 1444 1620 pro
1469 1584 1559 1621 parte
1585 1581 1686 1611 offitii.

503 1631 682 1670 tecopimus
707 1633 737 1660 et
763 1630 933 1670 diligenter
957 1632 1173 1661 intelleximus
1197 1632 1319 1662 litteras
1337 1635 1458 1662 vestras
1483 1632 1575 1662 datas
1599 1633 1628 1662 in
1655 1633 1782 1662 civitate
1800 1631 1955 1661 Senarum
1980 1629 2031 1659 die

385 1682 473 1711 xxi.
493 1682 584 1712 liuius
609 1682 725 1712 niensis
756 1682 784 1711 111
809 1692 879 1711 sero
911 1685 942 1711 et
967 1682 1006 1712 ud
1031 1687 1180 1715 contenta
1205 1684 1234 1713 in
1260 1684 1305 1713 eis
1335 1684 1374 1714 de
1401 1688 1578 1714 nostrin-um
1611 1684 1791 1724 sapientum
1821 1682 1951 1713 consilio
1980 1691 2031 1711 re-

377 1733 582 1773 spondemus,
607 1733 690 1774 quod
710 1734 785 1763 lieet
802 1734 894 1764 valde
919 1735 959 1764 sit
983 1735 1073 1764 nobis
1091 1746 1188 1773 grave
1212 1746 1375 1766 assumere
1401 1735 1441 1765 de
1460 1746 1582 1766 summa
1608 1735 1742 1765 duorum
1767 1734 1888 1764 milium
1906 1738 2030 1763 trecen-

379 1789 480 1815 torum
506 1786 647 1825 equitum
673 1785 758 1815 mille
784 1785 914 1821 milites.
940 1790 973 1815 ut
997 1787 1180 1826 scripsistis„
1206 1787 1415 1817 ‹··onsideratis
1439 1787 1707 1818 intollerabilibus
1736 1786 1884 1817 oneribus
1909 1795 2030 1825 expen-

377 1847 492 1870 sarum.
519 1836 631 1876 quibus
656 1837 718 1866 iani
744 1840 792 1866 est
817 1837 867 1867 11111
895 1838 994 1877 pressi
1021 1848 1128 1867 sumus
1152 1842 1183 1868 et
1201 1839 1348 1869 continue
1367 1839 1551 1879 premimur,
1577 1844 1683 1869 tamen
1709 1838 1880 1878 diligenter
1902 1837 2033 1867 attentis

382 1899 438 1927 per
462 1888 663 1928 priulentiani
691 1893 827 1918 vestran]
853 1890 979 1929 scriptis
1003 1891 1143 1920 contenti
1168 1901 1288 1921 sumus.
1322 1891 1407 1931 quod
1437 1894 1561 1931 partem
1586 1891 1671 1921 mille
1696 1891 1833 1921 militum
1858 1889 2033 1929 acceptetis
2053 1898 2062 1915 Ξ

378 1944 410 1968 et
434 1939 519 1979 quod
544 1940 664 1969 tullium
690 1941 822 1971 firmetis
847 1941 876 1969 in
909 1942 1043 1970 termino
1077 1946 1107 1971 et
1138 1953 1193 1981 pro
1220 1946 1365 1982 tempore.
1394 1943 1486 1973 unius
1511 1944 1583 1973 anni
1613 1946 1644 1973 et
1673 1953 1729 1982 pro
1757 1941 1901 1971 ulteriori
1933 1941 2030 1970 etiam

379 1995 537 2031 hfmlwre.
569 2002 734 2031 spwusque
771 1991 928 2022 «humatus
955 1992 1098 2023 Bararus
1132 1994 1161 2023 in
1187 1994 1294 2024 Ytalia
1328 1994 1432 2026 fuerit.
1490 1994 1531 2024 Et
1560 1993 1644 2034 quod
1676 1993 1792 2024 milites
1823 2003 1879 2022 seu
1909 1992 2033 2032 equites

379 2042 461 2072 dieto
480 2043 565 2072 tallie
584 2043 643 2072 sint
661 2043 886 2073 ultramontani
905 2045 1026 2083 egregii
1045 2049 1075 2075 et
1094 2046 1229 2085 experti,
1249 2045 1287 2076 de
1305 2046 1365 2076 hiis
1382 2046 1486 2076 silicet
1510 2047 1562 2086 qui
1587 2050 1658 2076 sunt
1683 2047 1713 2075 111
1730 2044 1873 2085 partibus
1896 2044 1964 2073 istis
1981 2042 2032 2072 101

382 2094 425 2123 eis
456 2095 609 2134 proximis
635 2094 683 2124 vel
713 2095 742 2124 111
774 2095 842 2125 aliis
872 2095 1029 2135 partibus.
1062 2095 1235 2127 dummodo
1272 2097 1352 2127 infra
1381 2098 1452 2128 Kal.
1473 2098 1592 2138 Aprilis
1627 2097 1723 2127 futuri
1757 2097 1902 2136 proxime
1938 2104 2032 2135 quam

379 2145 470 2174 citius
494 2146 559 2175 fieri
586 2146 702 2185 poterit
727 2146 936 2176 infallibiliter
961 2147 1149 2177 ln‘ibeantur.
1198 2148 1237 2178 Et
1262 2149 1348 2189 quod
1373 2150 1441 2189 ipsa
1470 2150 1559 2179 tallia
1588 2150 1711 2179 initium
1737 2147 1855 2178 habeat
1883 2147 1912 2176 in
1939 2146 2030 2176 dietis
2067 2162 2074 2172 a

378 2197 450 2228 Kal.
468 2197 586 2236 Aprilis
611 2198 639 2226 in
666 2199 792 2227 nomine
811 2198 907 2228 Iliesu
925 2198 1041 2229 Christi
1067 2200 1118 2229 101
1143 2200 1243 2232 eitius.
1269 2201 1293 2230 si
1319 2201 1409 2231 citius
1426 2202 1494 2231 ticri
1512 2204 1627 2241 potest.
1672 2199 1713 2230 Et
1737 2199 1822 2240 quod
1847 2199 2032 2238 capitaneus

378 2248 417 2277 sit
446 2247 699 2278 ultramontum1s
731 2249 897 2289 eligendus
928 2250 1102 2280 seeundum
1133 2251 1374 2291 dispositionem
1404 2254 1517 2282 summi
1546 2252 1703 2293 pontificis
1733 2254 1765 2282 et
1793 2249 1969 2280 Ierusalem
1999 2252 2030 2278 et

379 2298 484 2328 Sis-ilic
510 2300 594 2338 regis
619 2300 668 2330 101
694 2300 812 2330 domini
839 2311 921 2341 pape
955 2305 1085 2332 tantum.
1140 2303 1259 2334 Verum
1285 2305 1309 2334 si
1335 2304 1374 2335 110
1399 2305 1568 2345 capitaneo
1594 2303 1741 2344 eligendo
1767 2300 1942 2332 venerabili
1966 2301 2032 2329 1110

378 2350 507 2380 1101111111)
539 2352 709 2381 Amerieo1
745 2358 776 2383 et
806 2352 875 2382 aliis
905 2353 1166 2384 aml›axa‘itoribus
1197 2356 1388 2395 parlamenti
1420 2357 1513 2386 aliter
1540 2356 1591 2385 101
1618 2355 1705 2385 aliud
1735 2353 1911 2391 videretur,
1942 2351 2032 2381 nobis

379 2403 463 2442 qnod
496 2402 540 2432 eis
569 2413 664 2442 super
694 2403 753 2433 hoe
779 2404 938 2434 ridebitur
966 2405 1158 2437 resrribz‘ttis·
1191 2407 1231 2437 ad
1261 2407 1322 2437 alia
1349 2407 1493 2448 predicta
1522 2411 1554 2437 et
1582 2406 1781 2446 infrascripta
1810 2404 2031 2434 nichilominus

379 2453 600 2493 procedentes.
648 2455 796 2484 Contenti
827 2457 923 2486 etiam
954 2467 1061 2487 sumus
1092 2458 1175 2497 quod
1207 2459 1375 2498 quodlibet
1407 2469 1574 2489 commune
1603 2458 1721 2488 habeat
1750 2468 1823 2487 suos
1852 2455 1969 2486 milites
2000 2458 2031 2484 et

379 2515 449 2534 culn
474 2505 550 2545 ipsis
575 2506 613 2535 ‹le
639 2506 804 2546 stipendiis
830 2518 939 2537 eormn
965 2510 1148 2547 conveniat,
1174 2510 1254 2539 sicut
1279 2511 1393 2540 melius
1417 2511 1543 2550 poterit.
1591 2509 1790 2540 Intendimus
1819 2508 1915 2538 etiam
1945 2505 2031 2546 quod

379 2566 489 2586 omnes
518 2556 635 2586 milites
666 2557 752 2587 tallie
782 2563 945 2588 morentur
974 2559 1002 2588 in
1036 2560 1095 2589 illis
1125 2560 1281 2600 partibus,
1316 2561 1430 2601 quibus
1466 2561 1677 2601 proximiores
1707 2563 1798 2590 erunt
1829 2559 1972 2589 Bavarus
2001 2560 2031 2587 et

379 2608 552 2648 complices
577 2609 684 2648 ipsius.
710 2612 742 2638 ut
767 2609 812 2638 eis
837 2610 949 2638 melius
974 2610 1093 2640 1111111111
1120 2612 1225 2642 valeat
1250 2617 1281 2641 et
1306 2613 1418 2643 resisti.
1472 2613 1513 2643 Et
1537 2612 1622 2653 quod
1647 2612 1686 2642 de
1711 2611 1812 2651 pactis
1837 2613 1868 2640 et
1892 2618 2028 2639 00111011-

2070 446 2080 463 5

2057 702 2080 720 10

2056 960 2078 977 15

2053 1218 2077 1237 20

2053 1641 2077 1659 ‘25

2050 2415 2074 2432 40

379 2659 517 2689 tionibus
542 2660 627 2689 tallie
653 2660 851 2690 concordetis
875 2671 944 2690 011111
971 2661 1061 2691 dietis
1086 2662 1214 2693 domino
1240 2664 1388 2694 Amet-ico
1415 2667 1446 2694 et
1469 2663 1732 2694 amlmxatoribus
1756 2661 1947 2702 parlamenti
1971 2670 2027 2700 pro
2047 2670 2071 2688 45

484 2754 507 2778 li
531 2753 570 2784 Cf.
587 2755 661 2784 inli‘a
680 2766 704 2786 p,
721 2759 766 2779 -Jlfl
785 2755 830 2780 lm,
847 2758 888 2779 210,
