2205 3025
307 142 367 169 av)
752 133 846 159 Acri
868 132 979 158 REGNI
1001 130 1183 157 LUDEWICI
1203 121 1248 156 iv.
1287 129 1361 155 1330.
1397 128 1444 154 ΝΥ.
1459 128 1517 154 685.

418 226 441 253 1.
478 221 605 252 Dudum
630 220 788 260 perversis
813 222 845 249 et
869 217 1080 258 dampnandis
1103 216 1258 248 Ludovici
1283 216 1358 246 olim
1382 215 1520 246 Bavarie
1545 215 1633 245 ducis
1657 218 1690 245 et
1714 214 1901 245 discorditer
1926 215 1955 245 in

307 284 417 313 regem
441 273 658 303 Romanorum
692 272 772 301 sicut
803 269 971 300 dicebatur
999 269 1093 299 electi
1123 267 1305 305 conatibus,
1336 277 1430 308 quem
1460 266 1542 297 adeo
1571 266 1703 296 ambitio
1728 276 1804 297 ceca
1828 277 1958 297 succen-

309 326 413 357 derat,
439 323 522 364 quod
548 324 615 353 eius
641 323 798 352 electione
823 330 881 361 per
905 324 1047 351 sanctam
1070 320 1252 350 Romanam
1277 318 1462 357 ecclesiam,
1493 317 1533 348 ad
1558 328 1652 358 quam
1678 317 1905 359 cuiuscumque
1930 319 1961 348 in

309 386 417 416 rogem
444 375 688 405 Romamorum'»
715 373 809 403 electi
834 376 865 402 et
891 372 1057 402 electionis
1083 371 1121 401 de
1146 371 1215 411 ipso
1240 370 1324 400 facte
1349 369 1539 410 approbatio
1565 373 1597 399 et
1613 368 1764 399 admissio
1783 369 1833 399 vel
1853 380 1962 410 repro-

309 428 395 457 batio
421 430 453 456 et
476 425 616 466 repulsio
642 425 803 464 pertinere
829 423 1014 456 dinoscitur,
1046 433 1108 452 non
1133 422 1274 452 admissa
1298 432 1356 452 nec
1385 422 1453 451 eius
1477 420 1657 462 approbata
1679 431 1826 461 persona,
1850 431 1966 452 nomen

310 486 340 509 et
365 478 489 507 titulum
514 477 636 516 regium
662 485 815 515 usurpare
844 474 1040 515 presumpsit
1064 478 1186 504 temere
1211 483 1309 513 seque
1334 473 1514 503 immiscere
1539 472 1804 502 administrationi
1828 472 1917 512 regni
1935 476 1967 502 et

309 529 433 569 imperii
458 539 494 558 ac
518 528 666 558 hereticis
691 530 722 557 et
747 525 926 556 rebellibus
943 525 1098 562 favorem,
1122 525 1278 555 auxilium
1303 527 1335 555 et
1351 523 1516 554 consilium
1534 526 1643 554 contra
1660 523 1777 554 dictam
1798 524 1966 554 ecclesiam

310 579 632 621 impertiri.volentes
656 577 835 608 salubribus
860 577 1013 607 remediis
1039 576 1178 615 obviare,
1204 576 1341 606 eundem
1357 575 1555 606 Ludovicum
1580 585 1638 616 per
1659 578 1799 606 nostrum
1826 575 1965 605 edictum

310 632 486 672 publicum,
516 641 586 661 cum
611 630 651 659 ad
677 630 778 670 ipsum
813 632 898 659 tutus
923 638 1127 669 nequaquam
1158 631 1285 668 pateret
1308 638 1464 665 accessus,
1499 626 1557 657 sub
1580 627 1696 657 virtute
1722 627 1905 657 obedientie
1929 637 1966 658 ac

310 682 650 714 excommunicationis
679 691 761 721 pena
787 680 826 710 de
852 680 986 710 fratrum
1011 683 1191 710 nostrorum
1217 678 1347 710 consilio
1372 678 1566 716 monuimus,
1595 681 1630 708 ut
1653 688 1672 708 a
1694 678 1858 718 premissis
1881 678 1963 709 infra

313 738 433 764 eertum
459 733 516 763 sibi
534 737 607 763 tune
624 732 780 773 prefixum
799 732 971 761 terminum
990 731 1117 761 omnino
1136 730 1316 769 desisteret,
1341 729 1648 760 administrationem
1674 729 1819 767 eandem,
1844 740 1961 770 quous-

315 796 375 826 que
401 795 458 825 per
482 785 650 815 ecelesiam
676 784 777 824 ipsam
802 782 1000 823 approbatus
1025 786 1058 812 et
1081 782 1238 812 admissus
1263 782 1426 820 existeret,
1451 781 1633 812 nullatenus
1656 784 1889 821 resumpturus,
1914 784 1963 811 set

311 840 516 867 revocaturus
545 836 686 876 penitus,
712 837 804 875 prout
829 837 914 865 esset
937 834 997 864 sibi
1027 832 1197 873 possibile,
1230 843 1301 862 cum
1334 832 1465 871 effectu,
1494 841 1695 872 quecumque
1725 831 1764 861 de
1791 831 1876 861 facto
1905 842 1964 872 per

310 889 413 929 ipsum
445 888 571 918 fuerant
595 888 625 917 in
649 887 841 917 contrarium
867 889 1070 926 attemptata.
1116 884 1281 915 Universis
1306 884 1436 924 prelatis
1461 887 1493 914 et
1516 884 1586 914 aliis
1610 883 1865 924 quibuscumque
1890 893 1963 924 per-

311 940 395 970 sonis
420 939 643 969 ecclesiasticis
668 942 699 969 et
723 937 920 968 secularibus
943 947 1066 968 necnon
1091 935 1372 966 communitatibus
1402 938 1435 966 et
1461 934 1721 966 universitatibus
1750 935 1807 965 sub
1838 935 1962 975 magnis

313 991 402 1032 penis
425 990 642 1031 spiritualibus
664 993 695 1020 et
719 989 951 1030 temporalibus
969 988 1140 1018 districtius
1157 987 1379 1018 nichilominus
1395 986 1600 1028 iniungendo,
1624 990 1659 1017 ut
1677 986 1782 1017 eidem
1799 986 1964 1017 Ludovico

312 1044 491 1074 nullatenus
519 1044 603 1073 circa
635 1043 790 1083 premissa
816 1045 966 1082 parerent
990 1041 1040 1072 vel
1065 1040 1269 1071 intenderent
1298 1049 1427 1080 quoquo
1451 1038 1547 1069 modo
1572 1048 1629 1068 nec
1654 1038 1760 1069 eidem
1786 1041 1966 1078 prestarent

314 1095 466 1124 auxilium
492 1105 587 1134 super
611 1094 680 1126 hiis.
707 1093 870 1124 consilium
896 1096 951 1123 aut
974 1093 1129 1131 favorem,
1154 1103 1215 1122 non
1241 1091 1441 1122 obstantibus
1464 1090 1628 1121 fidelitatis
1645 1093 1700 1120 aut
1716 1090 1785 1120 aliis
1802 1089 1965 1130 quibusvis

314 1146 498 1176 iuramentis
523 1145 627 1176 eidem
653 1145 794 1185 prestitis
818 1149 874 1175 aut
898 1144 1159 1185 obligationibus,
1185 1142 1452 1183 colligationibus.
1478 1141 1801 1179 confederationibus,
1827 1141 1964 1171 societa-

313 1197 395 1227 tibus
420 1200 452 1227 et
475 1196 676 1237 pactionibus
700 1195 757 1226 sub
782 1205 984 1236 quacumque
1016 1195 1119 1225 forma
1151 1194 1200 1225 vel
1233 1195 1441 1234 expressione
1473 1193 1643 1224 verborum
1674 1203 1745 1222 cum
1774 1193 1842 1232 ipso
1870 1192 1965 1231 initis,

316 1248 439 1278 etiamsi
465 1251 570 1278 essent
594 1248 780 1277 iuramentis
797 1248 846 1277 vel
864 1247 1042 1277 adiectione
1060 1257 1213 1286 penarum
1232 1246 1359 1284 vallate,
1386 1255 1447 1286 que
1472 1245 1579 1275 omnia
1602 1243 1699 1283 nulla,
1724 1253 1814 1274 cassa
1831 1246 1864 1274 et
1880 1244 1968 1274 irrita

317 1309 386 1329 esse
412 1298 450 1328 de
476 1299 607 1328 fratrum
634 1298 807 1328 eorundem
833 1298 963 1328 consilio
989 1297 1222 1328 declaravimus
1239 1300 1270 1327 et
1287 1300 1443 1337 quatenus
1461 1295 1501 1325 de
1518 1295 1602 1325 facto
1620 1298 1852 1335 processerant,
1870 1295 1967 1331 nulla,

317 1360 405 1380 cassa
435 1353 466 1379 et
496 1350 584 1379 irrita
618 1349 766 1379 duximus
798 1349 999 1379 declaranda.
1047 1348 1088 1378 Et
1120 1349 1193 1389 quia
1224 1348 1387 1388 predictus
1416 1347 1597 1377 Ludovicus
1625 1346 1807 1377 huiusmodi
1836 1350 1868 1377 et
1898 1347 1968 1377 aliis

318 1401 450 1432 diversis
483 1401 723 1437 monitionibus,
754 1400 912 1430 mandatis
944 1404 975 1430 et
1006 1400 1165 1440 preceptis
1196 1400 1310 1429 nostris
1340 1409 1453 1439 parere
1482 1398 1688 1438 contempsit,
1720 1397 1968 1438 dampnabiliter

319 1453 478 1483 deteriora
505 1455 656 1492 tanquam
688 1451 780 1482 datus
804 1453 833 1481 in
858 1462 984 1482 sensum
1008 1451 1203 1492 reprobum¹
1228 1451 1344 1491 iugiter
1368 1449 1614 1486 committendo,
1645 1450 1747 1489 primo
1777 1459 1963 1479 excommu-

318 1504 485 1534 nicationis
520 1504 677 1533 scntentia
714 1503 883 1533 innodatus
918 1503 1023 1534 extitit
1057 1513 1094 1533 ac
1130 1503 1362 1543 subsequenter
1390 1501 1490 1542 culpis
1518 1502 1616 1542 ipsius
1647 1500 1906 1531 excrescentibus
1936 1504 1968 1531 et

319 1555 526 1585 contumaciis
550 1555 617 1585 cius
641 1555 784 1585 adauctis
809 1555 886 1591 iure,
911 1555 936 1584 si
961 1554 1045 1595 quod
1070 1554 1129 1584 sibi
1155 1564 1195 1584 ex
1220 1554 1377 1584 electione
1395 1553 1540 1594 predicta
1564 1553 1669 1583 fuerat
1693 1552 1733 1582 ad
1758 1562 1892 1592 regnum
1917 1551 1969 1582 vel

318 1607 485 1647 imperium
522 1606 765 1646 quomodolibet
799 1607 1004 1646 acquisitum,
1041 1606 1156 1636 deinde
1191 1616 1266 1635 vero
1303 1615 1340 1635 co
1376 1615 1526 1635 excessus
1562 1604 1745 1634 excessibus
1776 1604 1968 1642 cumulante,

318 1658 434 1689 ducatu
450 1658 586 1688 Bavarie
604 1668 639 1687 ac
658 1657 803 1688 omnibus
820 1658 994 1698 privilegiis
1011 1661 1075 1688 tam
1093 1657 1276 1697 apostolicis
1293 1667 1390 1697 quam
1407 1655 1628 1697 imperialibus
1645 1666 1682 1686 ac
1700 1655 1790 1685 bonis
1807 1659 1839 1685 et
1864 1655 1967 1685 feudis

320 1709 474 1739 omnibus.
500 1719 561 1749 que
586 1709 625 1738 ab
650 1709 764 1739 eadem
782 1708 927 1739 Romana
952 1709 1002 1739 vel
1026 1707 1189 1749 quibusvis
1213 1708 1283 1739 aliis
1308 1707 1450 1738 ecclesiis
1473 1711 1527 1737 aut
1550 1708 1685 1748 imperio
1711 1706 1886 1738 obtinebat.
1911 1717 1969 1746 per

320 1761 461 1791 diversos
494 1771 660 1800 processus
690 1764 813 1790 nostros
844 1761 976 1790 diversis
1009 1759 1204 1800 temporibus
1235 1759 1361 1790 habitos
1390 1759 1429 1789 de
1459 1759 1590 1789 fratrum
1621 1758 1807 1789 eorumdem
1837 1757 1968 1788 consilio

312 1813 401 1842 0iusto
428 1811 543 1842 iudicio
568 1811 706 1842 nudatus
731 1812 837 1842 extitit
861 1815 893 1842 et
917 1813 1068 1854 privatus.
1115 1811 1156 1842 Et
1184 1811 1313 1842 demum
1344 1812 1418 1851 quia
1441 1810 1620 1841 Pharaonis
1648 1810 1790 1840 imitatus
1819 1809 1968 1840 duritiam

320 1871 351 1894 et
387 1866 616 1903 c‹1›ntempnens
648 1874 774 1893 omnem
805 1870 912 1893 sancte
943 1864 1053 1894 matris
1081 1863 1216 1893 ecclesie
1248 1862 1447 1902 disciplinam
1479 1862 1565 1892 nulla
1596 1862 1801 1892 correctionis
1831 1861 1969 1892 ostendit

320 1914 449 1946 indicia,
475 1921 523 1944 set
547 1915 651 1954 potius
675 1914 824 1945 hereticis
850 1919 881 1945 et
904 1914 1133 1945 hereticalibus
1157 1914 1324 1945 intendens
1349 1913 1552 1954 dogmatibus
1577 1923 1613 1944 ac
1637 1913 1811 1952 hereticos,
1836 1923 1914 1953 quos
1938 1913 1969 1942 in

320 1977 409 1996 suum
440 1966 568 1995 admisit
598 1967 805 2004 consortium,
838 1976 1011 2007 eorumque
1037 1976 1162 1996 errores
1192 1969 1223 1996 et
1247 1966 1377 1996 hereses
1402 1964 1620 2003 defendendo,
1651 1975 1684 1995 se
1710 1964 1849 1995 ostendit
1874 1963 1967 1994 here-

322 2018 416 2047 ticum
441 2018 624 2055 manifeste,
656 2017 772 2047 debitis
803 2018 935 2047 servatis
959 2017 1202 2048 solennitatibus
1233 2018 1335 2058 primo
1360 2017 1466 2047 fautor
1489 2016 1705 2046 hereticorum
1731 2015 1913 2046 declaratus
1938 2018 1970 2045 et

322 2068 553 2108 subsequenter
585 2068 624 2098 de
653 2069 783 2099 crimine
815 2069 936 2099 heresis
966 2069 1025 2099 fuit
1053 2069 1287 2099 sententialiter
1311 2071 1342 2099 et
1366 2068 1493 2109 publice
1518 2077 1575 2108 per
1599 2078 1655 2098 nos
1679 2067 1718 2098 de
1743 2067 1811 2108 ipso
1837 2067 1969 2097 fratrum

324 2119 454 2149 consilio
480 2119 762 2159 condempnatus².

431 2180 458 2207 2.
495 2178 704 2208 Postmodum
730 2189 804 2209 vero
823 2179 909 2209 idem
928 2179 1138 2218 Lmdmicus)
1159 2179 1321 2220 premissis
1342 2179 1526 2210 excessibus
1545 2178 1728 2209 enormibus
1746 2181 1777 2208 et
1794 2177 1969 2208 detestabi-

324 2230 406 2259 libus
430 2240 490 2259 non
516 2233 694 2260 contentus.
725 2233 772 2259 set
801 2234 953 2270 tanquam
983 2230 1159 2261 obstinatus
1188 2232 1216 2260 in
1246 2231 1366 2261 malum
1393 2234 1425 2261 et
1449 2231 1536 2261 velut
1568 2230 1733 2260 demersus
1760 2229 1790 2259 in
1816 2229 1969 2269 despera-

325 2282 417 2310 tionis
441 2280 590 2320 laqueum
615 2281 762 2311 continue
787 2285 919 2311 conatus
943 2292 1016 2311 suos
1041 2281 1179 2321 dirigens
1204 2282 1244 2312 ad
1266 2282 1386 2322 peiora,
1412 2281 1586 2322 imperialis
1610 2281 1723 2311 solium
1746 2280 1909 2320 dignitatis
1931 2279 1971 2309 de

324 2332 408 2362 facto
443 2342 503 2361 non
536 2332 602 2361 sinc
635 2342 752 2371 inagna
787 2332 908 2362 insania
940 2336 972 2362 et
1000 2334 1181 2363 temeritate
1211 2333 1409 2373 dampnabili
1437 2343 1591 2373 usurpare
1625 2332 1831 2372 presumpsit,
1865 2342 1898 2361 se
1930 2329 1971 2360 ad

325 2382 403 2413 illud
427 2393 484 2422 per
508 2382 577 2412 illos
602 2382 713 2422 quibus
738 2393 799 2412 non
825 2384 1031 2423 competebat
1056 2384 1188 2419 faciens,
1220 2385 1345 2415 etiamsi
1370 2385 1417 2415 ius
1441 2384 1500 2414 sibi
1525 2386 1740 2424 competeret,
1771 2382 1915 2413 coronari
1940 2385 1972 2411 et

326 2434 366 2464 ad
391 2433 615 2463 offendendam
642 2434 810 2464 ecclesiam
835 2442 977 2464 sanctam
998 2435 1058 2465 Dei
1084 2436 1217 2476 eiusque
1242 2436 1353 2466 fideles
1377 2439 1408 2466 et
1432 2435 1566 2466 devotos
1590 2435 1620 2465 in
1644 2434 1738 2464 Italie
1763 2433 1915 2474 partibus,
1940 2433 1971 2462 in

327 2485 438 2526 quibus
463 2495 540 2514 ausu
565 2484 734 2524 nephando
760 2489 868 2515 wintra
894 2486 1139 2525 prohibitionem
1157 2488 1308 2517 remansit
1326 2487 1470 2523 ecclesie,
1495 2486 1718 2517 nichilominus
1740 2495 1772 2515 se
1791 2485 1970 2524 accingens,

327 2534 516 2577 nonnullals]
541 2536 684 2566 civitates
709 2540 740 2565 ‹Jt
765 2536 833 2566 loca
858 2537 993 2576 partium
1018 2538 1244 2577 predictarum.
1270 2549 1330 2578 que
1355 2538 1414 2567 sibi
1439 2538 1641 2569 adheserant.
1667 2536 1847 2566 devastavit
1870 2535 1972 2565 horri-

328 2588 435 2617 biliter
464 2592 494 2617 et
524 2587 704 2617 immaniter
733 2598 768 2617 ac
798 2588 948 2618 nonnulla
977 2599 1017 2618 ex
1046 2589 1121 2628 ipsis
1151 2589 1191 2619 ad
1221 2593 1341 2619 tantam
1372 2590 1478 2629 inopie
1508 2599 1545 2619 ac
1570 2587 1768 2629 paupertatis
1793 2590 1972 2627 egestatem

329 2639 470 2670 dwluxit.
497 2639 579 2679 quod
606 2639 654 2668 vix
681 2639 777 2668 ctiam
803 2649 858 2678 per
876 2644 1008 2669 tractum
1027 2639 1201 2680 longissimi
1220 2640 1372 2680 temporis
1393 2640 1520 2670 adicere
1539 2642 1698 2680 poterunt,
1722 2642 1757 2669 ut
1774 2640 1940 2678 resurgant
1951 2637 1973 2677 ³,

433 2742 456 2766 1›
479 2742 518 2772 (¹st
540 2741 614 2765 Ji'mn.
635 2746 652 2766 1.
667 2746 707 2766 ΒΝ.
785 2740 809 2765 21
833 2741 871 2771 (ff.
891 2749 974 2772 saprrae
995 2749 1034 2766 mr.
1048 2746 1092 2766 575
1109 2744 1132 2766 ct
1152 2744 1229 2767 notas
1246 2750 1271 2773 p.
1286 2745 1333 2766 470·
1351 2744 1373 2766 ct
1394 2745 1442 2766 457
1461 2740 1574 2766 additas.
1655 2741 1681 2772 3)
1703 2739 1747 2766 Ps.
1769 2744 1809 2772 41),
1825 2744 1839 2765 9
1858 2738 1971 2771 saepius·

1983 686 2007 705 10

1980 943 2004 961 15

1985 1199 2011 1218 20

1985 1460 2009 1478 ¹25

1987 1716 2013 1735 30

1988 1973 2012 1990 35

1990 2237 2016 2255 40

1989 2493 2015 2511 45
