2205 3025
423 123 517 150 ACTA
539 123 651 150 REGNI
671 123 853 149 LUDEWICI
874 123 920 150 IV.
941 123 987 150 ΕΤ
1009 123 1192 152 FRIDERICI
1211 125 1259 151 III.
1299 126 1372 151 1329.
1410 125 1528 152 N1·.659.
1548 125 1606 152 660.
1781 129 1842 157 557

298 209 348 240 De
372 209 434 240 fide
460 212 491 240 et
515 210 680 250 legalitate
704 210 856 240 nobilium
882 210 1020 240 virorum
1044 210 1199 241 Friderici
1224 211 1348 241 comitis
1373 212 1412 241 de
1431 211 1590 252 Otingena
1615 216 1647 243 et
1663 212 1843 253 Amphredi

191 261 230 291 (le
255 261 354 291 Ianua
379 262 625 292 secretariorum
649 269 828 291 nostrorum
853 261 994 291 fidelium
1021 261 1219 296 dilectorum,
1245 273 1324 303 quos
1347 263 1387 293 ad
1413 266 1443 294 te
1460 264 1624 301 mittimus,
1650 264 1743 304 plene
1767 274 1842 294 con-

190 312 248 351 fisi,
273 312 393 343 eisdem
412 312 523 343 damus
549 316 581 343 et
605 312 809 343 concedimus
826 313 1049 343 auctoritatem
1071 313 1199 353 plenam
1218 314 1343 344 nomine
1369 317 1400 344 et
1418 315 1484 344 viee
1509 315 1607 345 nostri
1625 318 1730 345 tecum
1747 325 1843 355 super

191 363 345 394 vicariatu
368 363 499 394 Mantue
524 366 556 394 et
579 363 649 393 aliis
674 363 842 401 tractandi,
867 363 998 393 finiendi
1023 368 1054 394 et
1079 364 1323 395 <ieter-minandi.
1377 364 1511 396 Gratum
1538 370 1569 396 et
1593 369 1696 396 ratum
1722 366 1842 397 habere

157 427 168 445 τ,
189 414 443 455 promittentesb,
469 415 622 455 quidquid
647 426 704 455 per
728 415 859 445 eosdem
884 419 989 445 tecum
1014 415 1109 446 fuerit
1141 415 1405 451 determinatum,
1431 420 1600 448 tractatum
1626 418 1656 447 in
1681 418 1843 458 premissis

146 783 170 801 10

147 1120 169 1137 15

146 1383 170 1402 20

147 1639 171 1657 25

147 1907 171 1925 30

148 2162 171 2180 35

147 2418 172 2436 40

190 470 222 496 et
249 466 381 496 finitum.
475 466 511 495 In
542 476 675 506 quorum
705 466 921 496 testimonium
953 470 1119 507 presentes
1150 468 1306 497 conscribi
1331 472 1363 499 et
1393 468 1496 509 sigillo
1525 469 1701 499 maiestatis
1734 472 1841 500 nostre

189 517 336 547 iussimus
361 517 557 548 communiri.

296 567 417 598 Datum
441 568 472 598 in
497 569 606 598 eastris
630 567 714 608 apud
740 568 1026 609 1³0111p011esciin1⁰‚
1052 572 1143 599 sexto
1169 569 1220 599 die
1245 569 1444 610 Novembris,
1477 581 1559 601 anno
1584 571 1713 601 Domini
1736 571 1842 601 mille-

189 619 268 649 simo
286 620 511 650 trecentesimo
536 619 690 659 vigesimo
716 630 808 658 nono,
834 620 923 660 regni
948 620 1045 650 nostri
1070 630 1151 650 anno
1177 620 1424 661 decimoquinto,
1451 622 1574 662 imperii
1592 632 1666 652 vero
1691 621 1842 652 secundo.

500 767 584 802 660.
627 768 824 801 Conmeissio
857 768 1044 802 vicariatus
1072 768 1251 802 Asamum.
1370 770 1456 803 Nar.
1478 771 1532 803 11.

302 849 460 889 Origyinalc
484 850 555 880 ilem
572 850 774 888 deperditum.
816 850 1023 880 Trmssumta
1047 853 1054 880 1
1085 854 1113 881 et
1137 853 1155 881 2
1180 861 1288 881 coaeva
1312 852 1344 882 *in
1371 851 1528 882 tabulario
1551 852 1633 891 roffio
1650 851 1842 882 Mantuano.

192 901 388 932 Contulimzts
411 911 475 932 nos.
500 919 541 923 —
565 901 627 931 Ed.
652 901 838 931 Possm-imas
861 901 880 931 l.
898 912 922 931 e.
942 912 974 940 p.
991 902 1062 932 2154.

295 961 440 997 Bo'lemer,
466 960 539 1000 Rey.
564 961 674 991 Ludis.
695 973 727 1002 l).
745 965 808 992 3:230
830 972 878 991 ur.
897 962 981 991 2971
1008 962 1132 994 (Addit.
1150 963 1214 1000 II).

296 1055 478 1085 Ludovicus
511 1055 571 1085 Dei
607 1056 712 1095 gratia
746 1055 963 1086 Romanorum
1000 1057 1174 1096 imperator
1207 1067 1334 1097 semper
1369 1062 1522 1098 augustus
1642 1057 1740 1087 nobili
1775 1058 1842 1087 viro

189 1107 306 1147 Loysio
334 1106 374 1136 de
399 1105 573 1146 Gom-agae
597 1117 653 1136 suo
679 1110 711 1136 et
735 1107 858 1147 imperii
884 1107 970 1137 fideli
995 1107 1110 1137 dilecto
1200 1109 1335 1148 gratiam
1362 1119 1451 1139 suam
1477 1112 1508 1139 et
1532 1119 1625 1138 omne
1651 1108 1777 1139 bonum.

300 1170 325 1197 1.
361 1165 542 1206 Imperialis
567 1165 768 1196 liberalitatis
793 1167 967 1197 clemencia
996 1167 1024 1196 in
1055 1168 1119 1197 suis
1143 1167 1291 1197 fidelibus
1316 1169 1490 1207 gratiarum
1522 1168 1604 1198 dona
1629 1168 1844 1208 multiplicans

188 1218 249 1248 illis
274 1218 439 1248 consuevit
462 1228 558 1248 manu
589 1227 757 1258 assurgere
787 1218 930 1257 largiori,
963 1218 1015 1258 qui
1044 1218 1221 1258 potioribus
1249 1230 1304 1249 sue
1334 1219 1513 1249 devotionis
1542 1220 1662 1249 meritis
1691 1223 1722 1249 et
1752 1230 1842 1250 sacro

189 1270 324 1310 imperio
349 1269 476 1299 exibitis
500 1269 662 1309 obsequiis
687 1280 803 1299 nomen
832 1269 992 1299 laudabile
1021 1273 1091 1299 sunt
1119 1271 1231 1300 sortiti.
1285 1270 1367 1300 Sane
1393 1281 1463 1300 cum
1495 1271 1524 1300 in
1549 1270 1691 1310 partibus
1716 1270 1842 1301 Ytalieb

190 1331 245 1362 pre
271 1321 385 1351 ceteris
409 1319 556 1351 fidelibus
581 1331 670 1351 sacro
695 1321 829 1361 imperio
855 1324 886 1350 et
903 1320 1057 1351 Romanis
1081 1321 1327 1361 imperatoribus
1352 1325 1382 1351 et
1407 1321 1536 1361 regibus
1561 1325 1590 1351 te
1616 1321 1842 1362 obsequiosum

190 1372 368 1403 reddideris
393 1376 424 1402 et
448 1372 598 1402 devotum
624 1376 655 1402 et
679 1372 796 1402 multos
821 1372 859 1402 de
885 1372 1028 1402 hostibus
1053 1376 1084 1402 et
1109 1373 1209 1403 deviis
1234 1373 1413 1403 infidelibus
1438 1373 1477 1402 ad
1503 1373 1707 1403 devotionem
1737 1373 1840 1403 fideli-

190 1425 263 1455 tatis
287 1424 453 1454 rcduxeris
478 1427 509 1454 et
533 1423 636 1454 adbuc
662 1423 815 1454 reducere
841 1424 948 1454 valeas
978 1427 1011 1454 ut
1035 1435 1201 1464 speramus
1227 1429 1280 1454 tua
1311 1424 1480 1463 diligencia
1509 1428 1541 1454 et
1570 1425 1666 1454 animi
1692 1425 1840 1464 puritate.

188 1480 222 1506 ut
254 1486 328 1506 vera
357 1478 386 1505 te
420 1475 602 1505 testimonia
632 1475 909 1511 recommendant„
940 1476 1083 1505 volentes
1111 1477 1337 1516 premissam-um
1368 1475 1499 1505 obtentu
1536 1476 1693 1506 extsdlere
1728 1486 1842 1506 nomen

189 1530 276 1557 tuum
302 1530 332 1557 te
358 1527 508 1567 Loysium
533 1527 692 1567 imperiali
718 1527 907 1557 anctoritate
934 1528 1067 1557 facimus
1092 1532 1123 1557 et
1147 1527 1367 1557 constituimus
1392 1531 1532 1557 nostrum
1559 1531 1589 1557 et
1614 1528 1693 1557 sacri
1719 1527 1844 1567 imperii

188 1579 363 1609 vicariumc
386 1578 571 1618 generalem
598 1579 733 1608 civitatis
752 1578 881 1608 Mantne
906 1582 937 1607 et
955 1578 1114 1608 districtus
1139 1589 1207 1608 cum
1235 1578 1381 1608 omnibus
1407 1582 1437 1608 et
1455 1578 1584 1618 singulis
1601 1578 1727 1611 iuribus.
1752 1579 1842 1608 iuris—

192 1629 392 1667 diticmilmsd,
417 1629 589 1660 honoribus
620 1640 656 1659 ac
685 1630 888 1670 pertinenciis
923 1640 959 1659 ac
991 1630 1088 1670 ipsius
1117 1630 1252 1660 civitatis
1281 1641 1317 1660 ae
1347 1630 1506 1659 districtus
1532 1630 1737 1660 vicariatum⁰
1771 1640 1842 1659 cum

191 1681 353 1721 premissis
378 1680 418 1711 ad
443 1684 528 1711 tuam
555 1691 725 1721 personam
750 1681 788 1711 ad
814 1687 920 1710 nostre
939 1681 1001 1710 vite
1027 1681 1196 1710 terminum
1222 1682 1413 1710 conferimus
1438 1691 1494 1720 per
1517 1685 1682 1721 presentes
1707 1685 1738 1711 et
1762 1681 1843 1710 ultra

190 1742 289 1772 usque
319 1732 359 1762 ad
389 1733 581 1763 successoris
609 1743 664 1763 seu
696 1742 912 1762 successorum
943 1736 1121 1762 nostrorum
1156 1733 1184 1762 in
1210 1732 1354 1762 Romano
1384 1743 1482 1772 regno
1508 1732 1557 1762 vel
1586 1733 1719 1772 imperio
1744 1732 1842 1762 bene-

191 1783 341 1824 placitum
367 1784 546 1814 voluntatis

299 1845 326 1873 2.
361 1842 582 1874 Concedentes
608 1843 662 1874 tibi
688 1844 717 1873 in
743 1843 863 1873 eisdem
882 1843 1189 1873 administrationem
1215 1846 1246 1873 ct
1270 1843 1396 1883 plenam
1415 1842 1645 1873 iurisditionem
1664 1841 1840 1882 inquirendi

192 1898 223 1924 et
247 1895 400 1935 puniendi
422 1900 461 1931 vet
492 1895 642 1925 iudicium
675 1895 838 1934 sanguinis
871 1894 1044 1924 exercendi
1074 1898 1104 1924 et
1128 1905 1250 1924 merum
1281 1898 1311 1924 et
1336 1895 1468 1924 mixtum
1495 1894 1662 1934 imperium
1692 1898 1723 1923 et
1751 1893 1842 1923 iuris-

191 1946 345 1976 ditionem
370 1948 399 1976 in
424 1956 541 1987 genere
567 1950 599 1976 et
622 1946 652 1976 in
678 1947 784 1986 speeie
810 1956 866 1986 per
890 1950 921 1976 te
946 1947 996 1975 vel
1021 1957 1078 1986 per
1101 1946 1197 1976 alium
1223 1949 1276 1976 aut
1300 1945 1389 1983 alios5
1415 1947 1463 1975 cui
1489 1945 1538 1975 vel
1563 1945 1675 1985 quibus
1698 1944 1843 1985 predicta

192 1998 241 2028 vel
266 1998 386 2038 aliquid
412 1998 627 2038 predictorum
660 1998 870 2031 commiseris.
902 1997 1097 2028 exercenda.
1129 2002 1258 2037 recepto
1288 2008 1306 2027 a
1335 2001 1364 2027 te
1390 1997 1552 2027 fidelitatis
1577 1995 1737 2036 primituss
1759 1996 1841 2025 iura-

190 2052 298 2079 mento
323 2054 355 2079 et
379 2048 463 2089 quod
488 2049 663 2090 predictam
690 2049 998 2079 administrationem
1023 2049 1145 2078 solicite
1169 2058 1264 2088 geras
1288 2052 1319 2078 ct
1344 2048 1572 2078 iurisditionem
1604 2047 1741 2077 fideliter
1765 2057 1843 2077 exc-

192 2102 298 2141 quaris
322 2100 399 2130 nulli
425 2104 533 2130 eontra
563 2101 721 2130 iusticiam
746 2100 906 2140 parcendo
932 2101 980 2130 vel
1009 2110 1201 2140 quemquam
1230 2101 1379 2130 iniuriose
1411 2099 1561 2137 ledendo,
1595 2102 1643 2128 set
1674 2099 1721 2128 ius
1751 2109 1843 2128 suum

193 2153 361 2192 unicuique
387 2152 566 2182 tribuendo.
612 2151 678 2182 Per
701 2151 781 2181 hanc
804 2162 932 2192 quoque
951 2152 1187 2182 concessionem
1206 2155 1344 2182 nostram
1364 2152 1467 2181 omnia
1495 2154 1526 2181 et
1543 2150 1665 2190 singula
1693 2149 1748 2179 tibi
1774 2159 1842 2179 csse

191 2213 341 2234 concessa
366 2204 510 2233 volumus
534 2204 565 2234 in
590 2203 763 2244 premissis,
788 2214 921 2244 quorum
948 2203 1122 2243 specialem
1140 2201 1419 2245 e‹;)ni[ni]issionem
1444 2202 1511 2232 fieri
1537 2204 1700 2242 oporteret
1725 2204 1756 2231 et
1781 2210 1842 2240 que

189 2255 219 2285 in
245 2255 386 2295 generali
412 2255 634 2286 commissione
659 2266 721 2285 non
747 2256 905 2286 venirent.
936 2255 992 2284 nisi
1023 2255 1062 2284 de
1092 2255 1168 2295 ipsis
1199 2255 1290 2284 fieret
1321 2255 1440 2284 mentio
1471 2253 1623 2294 spetialis.
1674 2251 1725 2282 Ex
1756 2256 1841 2282 certa

190 2306 327 2336 sciencia
362 2310 551 2336 revocantes
581 2316 706 2337 omnem
741 2306 835 2336 aliam
867 2306 1119 2338 concessionem.
1150 2306 1312 2336 dationem
1346 2310 1377 2335 et
1409 2305 1610 2345 privilegium
1644 2303 1760 2333 factam
1792 2303 1842 2332 vel

190 2357 308 2387 sactum
335 2368 392 2398 per
415 2368 472 2388 nos
496 2368 551 2388 seu
569 2357 813 2398 predecessores
830 2362 954 2387 nostros
978 2358 1008 2387 in
1027 2358 1171 2397 quamvis
1193 2357 1288 2387 aliam
1306 2367 1486 2398 personam.
1512 2355 1682 2395 collegium
1700 2354 1749 2384 vel
1774 2354 1842 2383 uni-

191 2409 375 2439 versitatem
401 2409 441 2439 de
466 2410 629 2450 premissis
653 2409 703 2439 vel
727 2409 834 2449 aliquo
861 2410 1096 2449 premissorum.

298 2470 325 2499 3.
363 2469 410 2499 Tu
436 2479 562 2509 quoque
587 2469 698 2499 nobisg
724 2469 762 2499 de
788 2474 933 2509 tempore
965 2469 993 2498 in
1023 2472 1150 2508 tempus
1180 2468 1254 2498 dicti
1279 2468 1449 2498 vicariatus
1479 2467 1645 2497 occasione
1675 2464 1841 2495 subvenire

190 2518 290 2549 debes
315 2523 347 2550 et
370 2521 561 2550 conveniens
585 2520 760 2550 subsidium
786 2521 875 2550 iuxta
900 2519 1145 2560 possibilitatem
1171 2523 1258 2549 tuam
1283 2518 1447 2559 impertiri.

293 2620 357 2647 659.
387 2622 409 2652 a)
429 2623 511 2647 Otinis
531 2623 569 2647 ed.
659 2622 682 2653 ¹')
703 2623 873 2655 promittimus
893 2623 932 2647 ed.
1021 2624 1042 2653 c)
1063 2626 1146 2647 castro
1166 2623 1339 2654 l'omponesco
1358 2622 1397 2646 etl.

293 2690 359 2715 660.
387 2691 411 2723 a)
430 2693 555 2723 Gonzaga
574 2691 598 2716 ⁶2.
681 2691 705 2719 le,
726 2693 797 2716 Italie
816 2691 840 2717 2).
924 2696 946 2721 (ᾔ)
967 2692 1117 2716 vicariatum
1132 2691 1171 2717 (at
1184 2692 1321 2723 scherscr.)
1342 2690 1365 2714 2.
1449 2688 1473 2721 d)
1494 2687 1710 2712 iurisdieticniibus
1724 2685 1839 2708 similiter

150 2741 173 2759 45
193 2742 290 2765 semper
309 2733 332 2757 ⁴2.
423 2734 444 2765 e)
464 2735 590 2759 vicarium
609 2733 632 2759 2.
724 2734 741 2765 f)
761 2736 833 2767 prim.
848 2735 888 2759 fid.
909 2734 932 2758 ἱ).
1021 2736 1045 2763 g)
1066 2735 1090 2757 in
1111 2742 1191 2766 marg.
1211 2734 1272 2758 adel.
1293 2733 1314 2758 2.
