2205 3025
251 2031 306 2050 Anni
319 2032 350 2050 22.

371 140 431 167 252
647 134 739 160 ACTA
762 134 871 159 REGNJ
896 133 1076 159 LUDEWICI
1098 133 1142 158 IV.
1165 133 1208 158 ΕΤ
1225 125 1415 159 'FiuDERICI
1436 133 1484 159 111.
1523 133 1596 159 1327.
1634 133 1751 160 Nr.34‘2.

478 221 614 251 Karolns
640 224 699 251 ete.
788 219 947 249 nobilibus
972 222 1003 249 et
1028 218 1173 249 discretis
1190 219 1263 249 viris
1287 219 1448 259 potestati,
1473 219 1653 260 capitaneo,
1678 220 1863 261 rectoribus,
1889 222 2019 252 consilio

369 277 401 303 et
426 272 584 302 communi
610 271 717 301 Sancti
742 270 891 303 Miniatis,
918 270 1042 300 dilectis
1067 274 1098 301 et
1123 270 1246 300 devotis
1270 271 1410 310 paternis
1435 274 1467 301 et
1491 271 1606 301 nostris
1694 271 1831 302 salutem
1855 276 1915 303 etc.

482 326 504 352 1.
540 322 589 352 Ex
619 321 816 362 inspectione
847 320 1029 361 prudentie,
1066 331 1127 361 que
1152 331 1257 351 rerum
1288 322 1419 351 metitur
1442 321 1561 361 exiam,
1591 322 1828 353 adinvenienda
1851 326 1923 353 sunt
1947 327 2020 355 ante

368 379 493 414 tempus
517 384 588 403 eum
613 372 844 403 deliberatione
869 372 1000 402 consilia
1025 375 1057 402 et
1080 372 1278 412 providenda
1302 373 1423 413 pariter
1446 383 1507 413 que
1532 376 1703 404 noscuntur
1717 374 1747 404 in
1765 377 1908 414 tempore
1926 385 2021 415 opor-

368 429 453 455 tuna.
491 424 531 454 Et
555 424 628 454 licet
653 424 712 453 hec
737 424 947 453 ‹mnnmnitcr
971 424 1111 453 omnium
1136 423 1333 464 agendorum
1359 423 1524 464 dispositio
1543 425 1661 465 exigat,
1686 424 1897 465 expedienter
1913 429 2021 456 tamen

368 480 399 507 et
424 475 602 506 necessario
628 474 658 504 id
684 474 815 514 requirit
839 478 869 504 et
895 475 1018 514 expetit
1042 478 1168 505 actuum
1194 475 1380 505 bellicorum
1406 474 1549 511 directio„
1574 476 1623 505 cui
1648 477 1750 517 magis
1774 477 1855 507 solet
1879 477 2019 517 plerum-

368 538 428 567 que
459 527 605 557 celeritas
635 537 731 567 quam
761 527 858 556 virtus
890 526 1116 567 compendium
1148 529 1258 566 optate
1291 527 1531 567 prosequcionis
1562 526 1686 557 afferre.
1734 527 1859 558 Pluries
1890 528 2021 569 quidem

368 589 422 608 vos
447 578 486 608 de
511 578 649 608 adventu
675 577 825 607 obstinati
849 577 966 607 Bavari
991 580 1102 608 cautos
1126 577 1303 608 reddidisse
1328 577 1498 608 recolimus
1522 581 1554 608 et
1578 579 1720 618 previsos
1744 589 1802 609 nec
1826 579 1907 609 sicut
1931 579 2019 610 vide-

367 641 435 660 mus
460 630 489 659 in
515 629 623 670 patulo
649 633 681 659 et
704 629 772 669 ipsa
797 628 841 658 rei
866 629 1066 669 experientia
1091 628 1302 669 probabiliter
1326 629 1458 668 indicat,
1489 633 1598 660 nostra
1621 631 1749 670 scriptio
1774 631 1931 661 inculcata
1956 631 2019 662 fre-

367 681 514 721 quentius
549 680 681 711 affectus
716 684 839 710 vestros
875 680 1070 711 dormientes
1109 680 1313 721 quodamodo
1353 682 1456 721 potuit
1490 682 1632 711 curiosos
1668 681 1795 712 efficere
1831 685 1862 712 et
1896 683 2019 713 iteratis

366 732 631 762 insinuationibus
660 732 812 762 excitare.
859 732 910 762 Sic
935 732 1019 762 enim
1048 742 1158 762 sensus
1182 735 1304 762 vestros
1329 732 1498 773 vigilantes
1526 732 1680 763 hactenus
1709 736 1739 763 et
1763 733 1794 762 in
1818 733 2019 773 negotiorum

367 784 465 824 partis
483 783 598 814 Guelfe
620 784 844 824 prosecutione
863 783 1004 813 solicitos
1020 794 1102 813 nova
1120 794 1215 813 causa
1233 784 1459 824 superveniens
1476 783 1647 815 hebetasse
1665 783 1799 823 videtur⁷
1823 785 1867 814 sic
1884 784 2019 815 efficisse

367 836 530 873 remissam,
562 836 606 864 sie
638 835 764 875 tepidos
794 834 985 873 reddidisse7
1018 834 1103 875 quod
1133 835 1236 874 ipsam
1267 838 1390 875 partem
1421 834 1570 865 Guelfam
1601 846 1640 866 ex
1671 835 1809 876 quadam
1842 835 2019 867 diversione

366 887 530 927 negligitis
555 891 586 916 et
610 887 695 917 illam
722 897 779 927 per
803 887 930 917 solitum
955 887 1114 927 armigere
1138 887 1243 926 gentis
1267 886 1443 917 subsidium
1461 897 1522 917 non
1539 887 1663 917 iiivatis.
1698 886 1849 917 Profecto
1867 886 2020 917 solebatis

367 938 520 968 hactenns
546 939 658 968 restris
688 938 837 968 fratribus
861 938 1053 968 Florentinis
1081 938 1110 968 in
1137 938 1262 968 casibus
1290 939 1454 978 oportunis
1478 939 1627 969 assistere
1651 940 1682 968 et
1706 937 1812 968 valida.
1835 938 2019 969 fulcimenta

367 989 495 1020 exfortii
520 990 697 1030 promptius
722 989 874 1020 exhibere
900 990 1023 1030 ipsique
1049 989 1139 1019 vobis
1164 989 1258 1020 etiam
1285 1000 1376 1020 versa
1394 990 1472 1020 viee.
1508 989 1629 1020 Probat
1645 989 1705 1020 hec
1723 989 1851 1029 quidem
1870 993 1901 1019 et
1917 990 2019 1020 mani-

366 1042 447 1071 feste
473 1041 615 1071 declarat
640 1041 896 1081 experimentum
922 1041 1065 1081 preteriti
1091 1041 1254 1081 temporis,
1285 1040 1435 1082 s[‹·.]ilicet
1459 1041 1619 1082 quondam
1644 1041 1777 1071 Henrici
1800 1040 2018 1071 Romanorum

366 1093 461 1132 regis,
487 1093 540 1133 qui
565 1092 604 1122 de
630 1092 832 1132 beneplacito
857 1092 1005 1122 veniebat
1029 1093 1175 1131 ecclesie,
1199 1092 1358 1133 aliquibus
1383 1092 1598 1122 cardinalibus
1621 1092 1701 1122 sicut
1725 1092 1824 1122 nostis
1848 1092 2019 1132 insignum

366 1144 495 1173 maioris
534 1143 731 1173 certitudinis
770 1143 830 1173 sibi
869 1143 960 1173 datis.
1016 1143 1086 1178 Quo
1126 1143 1235 1183 utique
1276 1147 1419 1183 tempore
1453 1143 1645 1174 Florentinis
1681 1143 1814 1183 eisdem,
1852 1143 1933 1173 sicut
1972 1147 2019 1174 est

367 1195 537 1226 notorium.
562 1195 685 1234 potenti
710 1195 854 1225 astitistis
879 1194 1017 1225 exfortio
1043 1197 1074 1225 et
1099 1194 1238 1224 fraterne
1263 1194 1482 1225 subventionis
1507 1195 1679 1235 presidium
1705 1195 1834 1225 sinceris
1851 1194 2018 1225 affectibus

367 1245 575 1285 inmendistis.

476 1299 503 1327 2.
530 1297 656 1333 Quanto
682 1298 783 1338 magis
808 1309 888 1328 nune
913 1298 943 1328 in
969 1298 1058 1328 istius
1082 1297 1221 1328 adventu
1238 1297 1353 1328 Bavari
1378 1301 1487 1327 eontra
1504 1296 1609 1327 Deum
1631 1300 1662 1327 et
1679 1296 1847 1328 ecclesiam
1865 1297 2021 1328 venientis

367 1349 474 1379 conari
499 1349 628 1379 realiter
652 1348 823 1387 deberetis,
848 1348 1020 1379 attendatis
1042 1359 1224 1389 quesumus,
1249 1349 1274 1378 si
1292 1349 1453 1388 presentia
1470 1352 1587 1382 nostra,
1613 1349 1666 1388 qui
1684 1349 1792 1378 unicus
1809 1349 1892 1388 patri
1909 1349 2019 1378 existi—

368 1411 437 1430 mus
462 1404 493 1430 et
518 1410 575 1440 per
599 1410 798 1440 consequens
822 1401 924 1440 magis
949 1411 1048 1434 carus,
1074 1400 1113 1430 ab
1138 1401 1247 1430 auxilii
1273 1401 1422 1430 missione
1447 1400 1541 1430 solita
1557 1400 1667 1440 utique
1685 1399 1794 1430 debuit
1810 1400 2019 1430 intentionem

367 1451 525 1481 ‹liwfrtere
551 1454 582 1481 et
606 1462 624 1481 11
650 1455 804 1481 consueta
828 1452 1080 1492 111-01111111111111110
1106 1452 1213 1482 taliter
1229 1462 1412 1491 segregare.
1438 1450 1572 1481 videatis
1589 1451 1773 1491 prudentor,
1798 1451 1822 1480 si
1840 1451 2018 1481 intermisso
2038 1460 2049 1478 2

370 1502 470 1542 regali
496 1503 687 1542 patrinmnio
712 1503 741 1532 in
766 1506 874 1543 partes
899 1503 975 1533 istas
992 1502 1148 1534 veniendo
1166 1514 1222 1543 pro
1240 1503 1436 1533 relevatione
1461 1503 1560 1542 partis
1578 1501 1704 1536 Guelfe,
1730 1512 1791 1542 que
1816 1503 1896 1532 sicut
1919 1502 2019 1532 mani-

368 1554 458 1583 festis
483 1557 572 1593 patet
596 1553 724 1587 inditiis,
755 1553 946 1584 noscebatur
975 1554 1097 1584 extinta
1125 1557 1157 1584 et
1180 1553 1319 1584 Domino
1349 1554 1487 1584 faciente
1512 1554 1640 1589 revixit,
1672 1554 1813 1594 perierat
1836 1557 1867 1583 et
1891 1553 2019 1583 inventa

367 1606 445 1641 est1,
473 1604 625 1634 debuistis
650 1616 761 1635 manus
785 1605 825 1635 ab
851 1605 960 1635 auxilii
986 1606 1135 1635 missione
1160 1605 1350 1635 subtrahere
1369 1609 1399 1635 et
1416 1605 1623 1635 necessitates
1640 1615 1696 1644 pro
1714 1604 1810 1644 ipsius
1827 1604 1925 1645 partis
1943 1614 2017 1634 con-

366 1656 530 1686 venientes
554 1656 687 1697 agendis
712 1667 768 1697 per
791 1656 1034 1687 subventionem
1059 1656 1185 1687 solitam
1210 1667 1271 1686 non
1295 1656 1414 1686 iuvare.
1452 1655 1669 1686 Consideretis
1693 1656 1800 1692 etiam,
1826 1655 1865 1685 de
1884 1666 2017 1696 quorum

367 1717 462 1737 causa
488 1718 567 1737 nunc
598 1707 702 1747 agitur
729 1712 760 1737 et
793 1708 817 1737 si
849 1712 895 1738 est
925 1708 1088 1748 negotium
1120 1708 1263 1748 preteriti
1298 1708 1414 1747 dispar.
1466 1706 1561 1737 Certe
1592 1707 1616 1736 si
1647 1706 1779 1747 provida
1809 1707 2017 1737 meditatione

366 1759 517 1798 pens-ntis,
543 1769 603 1799 que
629 1759 718 1789 vobis
736 1759 898 1799 pensanda
916 1759 1009 1789 rebus
1026 1760 1070 1790 sic
1087 1770 1120 1789 se
1138 1759 1329 1790 habentibus
1346 1758 1462 1789 iudicio
1480 1758 1596 1789 saniori
1614 1762 1790 1790 occurrunt.
1816 1762 1846 1789 et
1863 1758 2021 1789 vobismet

367 1810 442 1849 ipsis
471 1810 671 1850 prospicietis
702 1811 845 1840 eonsulte
879 1815 910 1841 et
944 1811 1075 1841 fratrum
1106 1814 1283 1841 vestrorum
1320 1810 1488 1841 commoda
1525 1820 1584 1850 que
1615 1813 1719 1840 vestra
1748 1813 1819 1839 sunt
1848 1820 2018 1849 proeurare

367 1861 548 1891 nullatenus
573 1862 736 1891 omittetis.

475 1915 502 1941 25,
539 1913 588 1942 si(-
614 1913 710 1952 igitur
735 1913 938 1943 devotionem
966 1917 1103 1943 vestram
1128 1917 1250 1944 attente
1276 1913 1464 1954 requirimus
1489 1916 1521 1943 et
1538 1913 1711 1945 hortamur,
1736 1916 1771 1942 ut
1787 1922 1857 1942 cum
1876 1912 2018 1943 navarus

368 1963 435 2003 ipse.
463 1974 552 1993 sunm
579 1974 686 1994 versus
716 1970 823 2004 partes
854 1965 929 1994 istas
963 1964 1086 1995 dicatur
1119 1968 1308 2005 possetenus
1337 1965 1487 1994 festinare
1516 1974 1679 1994 accessum
1710 1964 1837 2004 iamque
1866 1964 2016 1993 vicesimo

367 2015 506 2045 secundo
532 2015 623 2045 lmins
648 2016 764 2045 mensis
788 2017 979 2046 t'remonam
1006 2016 1195 2056 applicuerit
1219 2026 1290 2046 cum
1316 2019 1382 2045 toto
1406 2026 1462 2045 suo
1487 2015 1624 2045 exfortio
1649 2014 1838 2054 Padumque
1864 2015 2018 2045 instanter

368 2066 557 2100 transiverit,
584 2067 804 2097 marescallum
823 2078 911 2097 suum
931 2078 1001 2097 cum
1020 2067 1106 2097 mille
1125 2068 1305 2107 quingentis
1323 2066 1482 2107 equitibus
1499 2066 1725 2106 promittendo,
1750 2067 1830 2096 sicut
1847 2065 2018 2096 coneordat

368 2118 501 2147 assertio
528 2118 744 2157 plnrnnorum,
770 2119 971 2148 commissam
997 2119 1237 2158 negligentiam.
1263 2129 1324 2158 qne
1349 2117 1491 2158 profecto
1517 2117 1697 2147 huiusmodi
1721 2116 1918 2157 agendorum
1944 2128 2017 2157 pro-

367 2168 586 2209 sequtionibus
621 2180 680 2198 non
718 2169 786 2199 leve
823 2169 1046 2209 etnnpendium
1085 2164 1190 2199 attulit
1219 2172 1251 2199 et
1282 2170 1409 2209 gravius
1441 2168 1597 2209 estquod
1621 2168 1713 2202 absit,
1745 2169 1769 2198 si
1801 2169 2018 2198 committatur

368 2220 508 2257 ulterius,
541 2220 688 2257 allatura7
722 2231 778 2260 per
809 2221 932 2250 curiose
958 2221 1165 2251 solieitndinis
1190 2221 1376 2261 suffragium
1409 2220 1618 2254 redimentes,
1650 2220 1751 2250 maius
1776 2219 1859 2259 qnod
1886 2220 2017 2259 potestis

367 2272 526 2311 armigero
553 2272 655 2311 gentis
680 2272 850 2301 ext'mtium
877 2282 989 2311 parare
1015 2272 1169 2302 instanter
1194 2276 1224 2302 ct
1249 2283 1319 2302 eum
1345 2272 1429 2301 omni
1454 2271 1642 2301 festinaneia
1666 2271 1696 2300 in
1720 2271 1819 2301 nostri
1842 2270 2016 2300 subsidium

368 2322 407 2352 ad
439 2326 544 2362 partes
574 2323 663 2353 istas.
698 2323 751 2352 ubi
784 2326 884 2352 totum
921 2323 1039 2363 pendet
1071 2324 1246 2363 negotium,
1278 2323 1439 2353 destinare
1464 2322 1582 2359 velitis,
1614 2326 1648 2352 ut
1676 2322 1788 2352 vestris
1818 2321 2015 2362 aliorumque

368 2374 540 2403 amicorum
567 2377 598 2403 et
626 2373 767 2404 fidelium
793 2373 861 2403 fulti
893 2374 1038 2414 presidiis
1063 2378 1094 2404 et
1119 2375 1236 2404 viribus
1265 2375 1427 2415 agregatis
1456 2375 1569 2404 muniti
1593 2373 1710 2404 nedum
1735 2373 1775 2403 ad
1804 2373 2015 2403 resistendum

368 2426 426 2465 ipsi
445 2424 579 2460 Bavaro„
605 2425 660 2454 sed
685 2425 725 2454 ad
750 2426 817 2454 eius
841 2429 971 2455 eonatus
996 2426 1127 2456 infestos
1152 2430 1183 2456 et
1207 2426 1360 2466 reprobos
1384 2425 1576 2456 eludendum
1602 2435 1739 2465 eumque
1765 2424 2016 2464 impugnandum

370 2477 487 2516 pariter
517 2477 676 2516 potentius
705 2487 917 2515 assurgamus.
965 2477 1028 2507 Per
1056 2478 1140 2517 qnod
1173 2478 1317 2508 hostibus
1350 2477 1419 2508 Deo
1452 2477 1532 2507 duee
1562 2475 1841 2506 succumbentibus
1872 2478 2014 2506 extreme

369 2528 555 2557 deiectionis
587 2527 775 2557 detrinwnta
811 2528 1005 2567 persentiant
1037 2532 1067 2558 et
1098 2528 1209 2558 tideles
1240 2528 1472 2568 triumphantes
1504 2527 1671 2558 hostilibus
1700 2527 1855 2567 superatis
1886 2526 2014 2557 malitiis

368 2579 461 2608 solita
487 2578 716 2618 trampiillitate
741 2578 887 2608 letentur.
935 2579 1082 2618 Alioquin
1109 2578 1147 2608 ad
1173 2579 1392 2609 defensionem
1417 2580 1591 2609 amicorum
1616 2582 1647 2609 et
1671 2578 1823 2611 fidelium,
1849 2578 1899 2618 qui
1925 2577 2014 2607 nobis

471 2679 536 2705 34⁸2·
565 2685 586 2704 ³]
608 2682 730 2711 graviori>
750 2690 769 2705 c.

475 2740 496 2764 11
521 2740 559 2771 (γ’.
581 2740 646 2765 Jmc.
665 2744 697 2767 13,
711 2744 752 2765 2-1.

2051 440 2063 457 5

2041 690 2063 706 lo

2041 945 2063 964 15

2038 1204 2063 1222 20

2038 1715 2062 1733 30

2038 1972 2060 1990 35.

2038 2232 2061 2249 40

2036 2489 2061 2507 45
