2205 3025
351 126 412 152 (5110
797 115 892 142 ACTA
914 113 1024 140 REGNI
1046 113 1226 139 LUDEWIC}
1246 112 1292 138 IV.
1329 111 1403 138 1330.
1440 111 1488 137 Nr.
1502 111 1560 137 702.

461 207 487 234 2.
525 203 765 243 Subsequentcr
787 211 862 231 vero
886 200 1062 240 prelibatus
1085 199 1217 229 nuncius
1244 197 1337 229 nobis
1361 197 1553 228 verbotenus
1581 207 1638 237 per
1669 207 1760 227 suum
1789 198 1999 238 interpretem

351 256 497 296 cxposuit
523 258 553 285 ct
578 253 693 284 deinde
718 253 748 282 in
773 252 897 292 scriptis
921 251 1019 281 ctiam
1043 250 1169 281 tradere
1193 249 1386 290 procuravit,
1410 249 1495 290 quod
1518 248 1700 279 Ludovicus
1724 248 1763 278 de
1781 248 1918 279 Bavaria
1941 260 1997 279 ex-

350 307 566 337 comunicatus
590 304 750 335 hereticus
775 306 806 333 ct
830 302 1026 333 scismaticus
1049 311 1150 342 nuper
1176 302 1207 331 in
1232 301 1360 331 civitate
1384 300 1596 338 Tridentin(a)
1627 300 1781 339 existens,
1811 310 1907 340 quam
1935 300 1997 330 cito

350 357 510 398 quondam
535 355 697 386 Frederici
721 354 826 384 fratris
851 354 895 384 tui
917 352 1038 383 audivit
1062 352 1182 382 obitum
1193 352 1215 391 ²,
1240 352 1271 382 in
1295 351 1498 382 Alamaniam
1522 351 1697 381 intentione
1722 350 1899 391 occupandi
1922 351 1996 381 civi-

350 412 431 439 tates
463 410 494 438 ct
523 407 593 437 loca
623 406 712 446 regni
736 405 905 436 Alamanic
935 404 1097 444 premissis
1125 403 1241 434 litteris
1271 403 1334 433 suis
1365 402 1405 433 ad
1436 403 1595 441 civitates,
1630 401 1748 442 oppida
1778 401 1998 443 quosdamque

349 460 489 501 parcium
515 468 623 488 carum
649 457 794 487 dominos
817 456 961 487 infelices
985 455 1105 485 curavit
1130 454 1268 495 dirigere
1292 464 1420 494 gressus
1444 464 1526 484 suos
1578 452 1619 483 Et
1646 453 1721 484 licet
1750 454 1957 494 oppinaretur
1979 464 1998 484 a

349 510 471 543 multis,
503 508 588 549 quod
612 508 710 548 aliqui
733 507 876 548 parcium
905 507 1121 547 predictarum
1149 506 1309 546 principes
1336 516 1373 536 ac
1403 505 1548 536 civitates
1578 507 1611 535 et
1641 504 1760 546 oppida
1795 515 1867 536 eum
1901 505 1999 536 velint

348 562 490 600 recipere
515 564 658 590 cessante
684 557 934 590 contradictione
959 567 1171 598 quacumque,
1196 557 1341 587 civitates
1365 559 1472 587 tamen
1497 559 1529 586 et
1552 556 1685 596 oppida,
1712 566 1773 596 que
1797 556 1918 586 dudum
1941 556 1998 586 tibi

348 612 475 642 nominc
500 612 605 642 fratris
633 611 677 641 tui
702 611 898 648 iuraverant,
928 609 1032 640 adhuc
1060 612 1115 639 tua
1142 609 1368 639 informatione
1392 607 1536 638 instructi
1565 617 1602 638 ac
1630 608 1778 648 potencia
1807 606 1998 637 circumfulti

349 663 503 693 stabiliter
527 663 557 692 in
582 666 666 692 statu
690 660 871 692 huiusmodi
899 663 1116 701 perseverant.
1171 659 1212 690 Et
1240 660 1314 701 quia
1341 659 1381 690 de
1412 662 1519 689 nostra
1548 659 1723 689 intentione
1750 657 1883 688 volebas
1915 658 1998 688 effici

349 715 465 745 certior
488 724 584 754 super
607 714 676 751 hiis,
702 713 862 753 prefatum
879 713 1027 742 nuncium
1051 711 1091 742 ad
1108 714 1249 741 nostram
1274 711 1468 751 presentiam
1486 710 1687 740 transmisisti
1703 709 1883 750 disponens,
1908 711 1931 740 si
1958 709 1997 740 de

348 769 454 796 nostro
479 766 596 795 existat
612 764 825 804 beneplacito,
851 763 938 804 quod
962 763 1063 793 dictus
1080 762 1260 793 Ludovicus
1277 772 1410 803 regnum
1427 761 1606 802 predictum
1624 771 1826 802 nequaquam
1844 760 1997 800 obtineat,

348 827 411 846 una
441 826 510 846 cum
539 816 592 846 dil.
616 815 657 845 fil.
682 815 781 846 nobili
807 816 873 845 viro
902 814 1036 845 Alberto
1065 814 1162 844 fratre
1191 817 1245 844 tuo
1278 813 1403 854 prefato
1435 812 1598 843 Ludovico
1626 815 1774 853 potenter
1807 815 1839 842 et
1866 811 1998 843 viriliter

349 869 507 907 resistere,
531 868 612 897 sicut
628 866 741 897 melius
759 877 829 897 cum
848 866 909 897 Dei
926 865 1084 896 adiutorio
1102 866 1275 905 favoreque
1292 868 1400 895 nostro
1418 864 1562 904 potestis,
1583 867 1615 894 et
1639 863 1755 894 for-cius
1779 874 1874 904 quam
1899 863 1998 904 aliqui

349 919 507 960 principes
531 919 673 959 parcium
705 917 889 948 earundem.
941 917 1097 948 Preterea
1126 916 1289 947 subiunxit
1318 915 1494 956 prelibatus
1521 915 1653 946 nuncius
1686 925 1726 946 ex
1750 925 1788 946 eo
1814 914 1997 946 evidencius

350 980 516 1010 apparere,
542 969 626 1010 quod
651 970 728 1000 velis
751 972 930 999 memorato
946 968 1113 999 Ludovico
1138 970 1319 998 constanter
1339 967 1498 1006 resistere,
1523 967 1597 1007 quia
1620 967 1695 997 licet
1718 966 1833 997 fratres
1856 967 1902 996 tui
1926 977 1997 997 cum

348 1022 416 1061 ipso
441 1021 595 1051 hactenus
619 1021 778 1061 colloquia
802 1030 858 1051 seu
882 1020 1010 1060 placita,
1034 1023 1069 1050 ut
1085 1019 1190 1050 verbis
1214 1019 1312 1059 ipsius
1335 1022 1462 1049 utamur
1485 1018 1600 1057 nuncii,
1624 1017 1794 1048 habuerint
1810 1018 1997 1058 litterasque

349 1073 388 1102 ab
413 1073 481 1113 ipso
506 1073 686 1113 receperint
710 1076 741 1102 et
765 1072 823 1102 sibi
848 1082 920 1102 suas
945 1071 1142 1109 destinarint,
1166 1074 1200 1101 tu
1225 1074 1331 1101 tamen
1356 1070 1388 1100 id
1412 1080 1539 1110 semper
1562 1069 1669 1101 facere
1693 1070 1845 1100 recusasti
1873 1079 1932 1100 nec
1956 1069 1998 1100 ad

349 1134 386 1154 ea
410 1133 468 1164 per
492 1123 605 1154 fratres
628 1125 713 1164 ipsos
737 1124 787 1154 vel
812 1124 891 1153 alios
919 1123 1061 1153 inclinari
1089 1122 1219 1163 potuisti
1244 1132 1301 1152 seu
1331 1122 1416 1152 flecti
1440 1124 1472 1151 et
1500 1131 1540 1151 ex
1568 1121 1628 1151 hoc
1657 1121 1822 1162 potissime
1852 1121 1935 1151 inter
1964 1123 1997 1152 te

349 1174 531 1216 dictumque
555 1174 717 1216 quondam
740 1174 948 1205 Fredericum
977 1174 1107 1204 fratrem
1136 1176 1224 1204 tuum
1254 1173 1313 1203 fuit
1340 1173 1475 1203 materia
1504 1172 1706 1203 dissentionis
1734 1176 1766 1202 et
1798 1172 1876 1209 odii,
1911 1172 1997 1213 quod

348 1227 416 1266 ipse
444 1236 506 1256 non
531 1226 714 1266 opponebat
742 1236 775 1256 se
803 1225 887 1256 dicto
916 1225 1094 1265 Ludovico,
1124 1225 1205 1255 sicut
1232 1227 1361 1265 poterat
1389 1228 1421 1254 et
1449 1223 1598 1255 debebat.
1655 1224 1776 1254 Rursus
1809 1223 1895 1264 quod
1925 1233 1998 1254 cum

348 1287 450 1317 nuper
479 1277 594 1307 nobilis
618 1278 664 1307 vir
689 1300 719 1306 ..
749 1277 812 1307 dux
845 1276 1030 1307 Charinthie
1059 1276 1229 1306 terminum
1258 1275 1398 1306 habendi
1426 1285 1484 1316 per
1516 1279 1547 1306 te
1580 1275 1777 1316 fratremque
1808 1278 1896 1306 tuum
1926 1285 1997 1306 cum

350 1328 464 1359 eodem
488 1327 677 1367 Ltudovico)
702 1328 854 1368 placitum
879 1327 1066 1365 ordinasset,
1092 1330 1158 1357 tuni
1182 1327 1317 1356 termino
1342 1326 1523 1356 huiusmodi
1551 1327 1707 1357 interesse
1735 1336 1884 1357 recusans
1908 1326 1998 1356 fratri

347 1383 416 1411 tuo,
442 1379 527 1420 quod
551 1379 638 1409 illum
664 1379 867 1409 nullathenus
892 1378 1091 1417 observaret⁷
1122 1377 1296 1416 mandasti,
1325 1377 1495 1407 statuendo
1520 1377 1742 1407 nichilominus
1773 1387 1844 1408 cum
1876 1377 1928 1410 dil.
1953 1377 1995 1407 fil.

346 1430 444 1461 nobili
475 1431 541 1460 viro
570 1430 710 1461 Henrico
741 1429 819 1461 duce
847 1430 984 1460 Bavarie
1014 1430 1134 1459 sororio
1165 1432 1219 1459 tuo
1247 1429 1352 1459 locum
1381 1431 1412 1458 et
1443 1428 1613 1459 terminum
1645 1428 1685 1459 ad
1714 1428 1929 1468 tractandum,
1962 1432 1996 1459 ut

347 1481 487 1512 ciusdem
506 1481 685 1511 Lsudovieii
711 1481 833 1511 valeret
852 1481 959 1511 utilius
975 1480 1177 1521 processibus
1201 1479 1333 1517 obviari,
1359 1482 1390 1510 et
1414 1479 1560 1510 faciendo
1585 1480 1682 1510 etiam
1700 1480 1995 1511 confederationem

347 1536 477 1573 propter
501 1532 560 1562 hoc
585 1543 655 1563 cum
681 1532 915 1563 venerabilibus
939 1532 1088 1562 fratribus
1112 1555 1143 1562 ..
1164 1531 1416 1572 Argentin(ensi)
1441 1534 1472 1561 et
1496 1555 1502 1562 .
1522 1555 1528 1561 .
1546 1531 1812 1569 Constancien(si)
1838 1531 1997 1571 episcopis

346 1584 460 1614 nostris
484 1583 631 1614 fidelibus
655 1587 686 1613 et
710 1584 842 1614 devotis.

454 1636 481 1665 3.
516 1635 638 1670 Quibus
674 1635 803 1675 quidem
831 1644 889 1675 per
918 1634 1055 1665 eundem
1084 1635 1233 1664 nuncium
1262 1638 1296 1664 ut
1325 1634 1518 1674 premittitur
1553 1633 1706 1673 expositis
1741 1636 1773 1663 et
1807 1634 1839 1663 in
1871 1633 1996 1674 scriptis

346 1685 469 1716 traditis
494 1685 677 1726 diligentius
700 1685 886 1721 intellectis,
917 1689 1005 1715 tuum
1032 1686 1065 1715 in
1089 1686 1161 1716 hac.
1178 1689 1270 1726 parte
1298 1684 1459 1715 laudabile
1490 1685 1689 1725 propositum
1718 1684 1936 1724 multipliciter
1964 1684 1996 1714 in

345 1736 483 1767 Domino
509 1737 780 1775 commendamus,
805 1737 1005 1768 nobilitatem
1031 1740 1118 1767 tuam
1142 1740 1293 1777 rogantes
1322 1740 1354 1767 et
1384 1737 1415 1766 in
1439 1736 1577 1766 Domino
1602 1736 1754 1766 attentius
1779 1735 1996 1775 exhortantes,

307 1822 313 1828 .
346 1788 492 1828 quatinus
517 1787 600 1818 bona
623 1789 789 1818 innumera
819 1788 876 1818 tibi
901 1798 937 1818 ac
962 1788 1070 1818 domui
1095 1791 1147 1818 tue
1172 1788 1306 1828 aliisque
1335 1787 1484 1817 fidelibus
1509 1797 1549 1817 cx
1573 1787 1758 1818 resistencia
1791 1787 1874 1818 dicto
1902 1786 1996 1818 here-

344 1839 407 1868 tico
433 1842 464 1868 et
488 1839 666 1869 scismatico
697 1839 844 1870 facienda
872 1840 995 1879 potenti
1020 1839 1149 1869 brachio
1174 1842 1369 1879 proventura
1393 1849 1515 1869 necnon
1545 1838 1680 1879 grandia
1708 1839 1851 1879 pericula
1879 1849 1995 1879 rerum,

344 1891 520 1920 animarum
545 1894 577 1920 et
600 1900 769 1930 corporum
794 1901 834 1921 ex
859 1891 1044 1926 adhesione,
1070 1891 1300 1931 receptatione,
1325 1890 1511 1921 defensione
1536 1900 1573 1921 ac
1597 1890 1735 1920 fautoria
1760 1891 1858 1930 ipsius
1881 1890 1995 1920 merito

345 1940 546 1971 fmmidanda
575 1941 814 1972 &insideranter
841 1942 1024 1982 attendens,
1054 1941 1095 1972 ad
1125 1943 1224 1973 instar
1248 1942 1357 1980 botne)
1390 1942 1571 1980 memorie)
1596 1941 1724 1982 Lipoldi
1753 1941 1841 1971 ducis
1865 1942 1994 1972 Austrie

344 1993 488 2031 germani
513 1993 556 2022 tui
581 1992 717 2023 eundem
742 1992 917 2023 hereticum
943 1996 975 2024 et
998 1994 1211 2023 scismaticum
1236 1993 1387 2024 aborreas
1412 1996 1443 2023 et
1467 1992 1507 2023 ad
1525 1992 1736 2023 resistendum
1761 1992 1819 2023 sibi
1844 2002 1907 2023 una
1924 2002 1996 2023 cum

346 2042 466 2073 eisdem
495 2043 630 2073 Alberto
667 2048 698 2073 et
726 2043 867 2074 chrico
897 2044 1030 2075 ducibus
1059 2055 1096 2075 ac
1125 2044 1218 2075 dictis
1247 2045 1405 2084 episcopis
1434 2044 1569 2084 aliisque
1602 2043 1788 2074 valitoribus
1818 2045 1933 2074 nostris
1965 2047 1998 2074 et

348 2094 483 2123 ecclesie
508 2093 655 2124 fidelibus
679 2095 723 2124 sic
747 2098 895 2135 potenter
919 2099 951 2126 et
974 2096 1107 2126 viriliter
1135 2099 1165 2126 te
1191 2095 1356 2136 disponas,
1387 2095 1472 2136 quod
1498 2095 1702 2135 dampnanda
1729 2095 1828 2135 ipsius
1861 2095 1997 2126 elidatur

345 2145 478 2174 intentio
503 2148 601 2185 tuquc
626 2146 759 2185 proinde
784 2146 948 2187 condignis
977 2147 1079 2177 attolli
1104 2147 1263 2187 preconiis
1291 2157 1327 2177 ac
1352 2147 1499 2187 congruis
1523 2147 1674 2187 prosequi
1702 2146 1865 2176 favoribus
1894 2149 1926 2177 et
1954 2146 1996 2177 ad

345 2195 474 2225 altiores
492 2195 627 2226 honores
645 2197 777 2236 provehi
802 2198 915 2228 merito
940 2199 1102 2228 merearis.
1149 2197 1191 2228 Et
1214 2208 1289 2228 ecce
1313 2197 1446 2238 prefatis
1471 2198 1639 2238 episcopis,
1664 2200 1699 2228 ut
1723 2197 1780 2228 tibi
1804 2207 1900 2238 super
1923 2208 1995 2238 pre-

346 2245 437 2275 dictis
461 2247 609 2276 assistant
632 2247 763 2278 viriliter
787 2252 956 2289 tecumque
981 2259 1076 2290 super
1092 2250 1150 2279 viis
1174 2253 1206 2280 ct
1229 2249 1343 2288 modis,
1368 2249 1481 2289 quibus
1505 2248 1618 2279 melius
1643 2252 1674 2279 et
1697 2249 1804 2279 utilius
1828 2250 1997 2290 negocium

345 2297 524 2337 predictum
549 2297 694 2337 expediri
719 2301 846 2339 poterit,
872 2300 1046 2340 conferant,
1071 2311 1129 2341 per
1151 2300 1274 2331 litteras
1298 2300 1465 2331 scribimus
1489 2299 1709 2340 opportunas²
1727 2303 1758 2330 et
1774 2300 1997 2331 nichilominus

346 2347 397 2377 dil.
426 2347 466 2377 fil.
498 2347 638 2378 Ulricuni
678 2350 716 2379 ‹le
749 2351 931 2392 Lentzburg
970 2352 1088 2382 ordinis
1119 2352 1359 2383 Hei-emitarum
1398 2353 1499 2383 sancti
1531 2351 1701 2393 Augustini
1738 2351 1995 2392 penitentiarium

345 2402 500 2428 nostrum.
536 2400 588 2439 qui
613 2399 667 2429 tibi
700 2403 731 2430 et
760 2402 879 2431 eisdem
909 2403 1067 2442 episcopis
1097 2404 1306 2434 intentionem
1336 2406 1478 2434 nostram
1507 2403 1668 2444 explicare
1696 2403 1767 2433 viva
1794 2413 1872 2433 voce
1901 2412 1996 2442 super

345 2449 404 2479 hiis
429 2449 546 2489 poterit
570 2450 703 2489 plonius,
728 2451 931 2483 destinamus.
978 2454 1048 2489 Que
1072 2457 1178 2484 autem
1203 2465 1260 2495 per
1284 2458 1315 2485 te
1339 2465 1375 2485 ac
1393 2454 1494 2485 dictos
1519 2455 1687 2495 episcopos
1711 2453 1856 2484 ordinata
1880 2455 1910 2484 in
1935 2454 1993 2484 hac

345 2504 435 2540 parte
461 2500 586 2531 fuerint.
611 2501 702 2531 nobis
725 2503 899 2533 rescribere
924 2508 978 2534 tua
1002 2505 1206 2544 providencia
1230 2516 1292 2535 non
1317 2505 1475 2536 obmittat.

453 2551 526 2581 Dat.
551 2551 744 2590 Avinionffi),
773 2553 827 2583 ΙΙΙ.
846 2553 921 2584 Idus
946 2555 1066 2591 Marcii,
1091 2566 1172 2586 anno
1197 2557 1448 2597 quartodecimo.

456 2705 479 2730 11
504 2705 573 2729 obiit
596 2705 623 2729 in
647 2706 813 2731 (lattcnsrein
836 2715 865 2732 m,
881 2706 943 2732 Iun.
964 2707 1004 2731 «lie
1024 2711 1060 2734 13.
1148 2709 1174 2734 21
1196 2709 1276 2740 Infra
1298 2718 1337 2735 ur.
1355 2713 1409 2736 703.

2019 669 2042 688 10

2018 926 2041 944 15

2016 1182 2041 1201 20

2015 1436 2039 1456 25

2015 1693 2041 1711 30

2015 1948 2039 1967 35

2015 2205 2041 2223 40

2014 2463 2039 2481 45
