2205 3025
394 126 454 153 Δ1111
631 120 725 146 ACTA
746 119 859 146 h'EGNI
883 119 1066 145 LUDEWIUI
1087 119 1131 144 IV.
1152 119 1196 144 ET
1219 118 1399 145 FRIDERICI
1421 120 1468 145 III.
1508 120 1581 146 1329.
1618 120 1665 146 Nr.
1679 121 1737 146 572.
1757 121 1816 147 573.

502 206 545 236 Ut
569 217 624 236 ros
649 209 799 245 tanquam
824 205 895 235 sotii
925 206 1038 235 fratres
1063 208 1094 235 et
1117 205 1211 235 amici
1236 205 1395 235 karissimi
1420 216 1481 246 que
1510 206 1664 236 sentimus
1693 210 1724 237 et
1753 207 1877 247 agimus
1906 207 2050 238 sentiatis

394 262 425 287 et
449 258 515 287 sitis
539 267 647 287 eorum
673 257 859 296 participes,
889 256 979 286 vobis
1003 256 1043 286 ad
1068 256 1220 296 gaudium
1249 257 1440 294 nuntia1nus‚
1473 257 1557 297 quod
1582 257 1657 287 dum
1689 257 1764 288 olim
1793 257 1896 288 adhuc
1927 259 2049 289 viveret

394 308 499 337 inclite
522 306 675 337 memorie
693 306 842 337 Calabrie
861 306 925 336 dux
951 307 1089 344 illustris,
1115 307 1183 347 ipse
1208 317 1244 337 ac
1269 306 1416 337 dominus
1440 308 1470 338 in
1488 307 1686 338 Lombardia
1709 308 1834 349 legatus
1858 308 1952 339 simul
1977 319 2049 340 cum

392 357 551 399 aliquibus
576 358 684 398 paucis
709 361 816 387 tamen
833 368 966 388 numero
991 358 1190 398 sapientibus
1206 358 1399 389 Florentinis
1423 369 1494 390 eum
1519 359 1648 390 domino
1672 359 1781 390 Marco
1806 359 1845 390 (10
1867 360 2048 391 Vicecomi-

394 409 478 439 tibus
503 412 534 439 ct
558 409 820 439 comestabilibus
844 409 1115 440 Theotonicorum
1142 412 1296 440 tractatus
1320 411 1444 451 aliquos
1467 411 1677 451 111001101111111
1702 411 1742 441 de
1767 412 1895 442 civitate
1918 411 2048 442 Lucana

392 460 433 490 ad
452 460 655 490 devotionem
674 463 782 489 sancte
800 460 948 491 Romane
968 461 1104 492 ecclesie
1129 464 1238 491 contra
1254 461 1415 492 Bavarum
1439 465 1471 492 et
1487 472 1642 503 sequaces
1665 473 1738 493 suos
1761 462 1803 493 ad
1820 462 2047 493 exaltationem

394 512 491 551 ipsius
516 511 649 542 ecclesie
675 514 707 540 et
731 510 771 541 ad
796 515 914 542 statum
939 516 971 542 et
995 512 1150 543 honorem
1167 523 1295 543 suorum
1313 512 1455 543 fidelium
1479 517 1511 543 et
1535 513 1575 544 ad
1592 513 1831 554 depressionem
1857 517 1888 544 et
1911 516 2047 544 mortem

393 562 568 592 infidelium
593 561 787 592 reducenda.
840 562 881 593 Et
911 563 996 603 quod
1025 564 1121 594 etiam
1152 566 1224 604 post
1252 564 1350 604 ipsius
1382 564 1501 595 domini
1530 564 1618 595 ducis
1653 574 1812 595 recessum
1845 565 1912 595 eius
1942 565 2048 595 locum

393 617 504 645 tenens
536 616 568 644 et
598 613 731 653 predicti
762 613 814 643 alii
847 614 878 644 in
910 614 979 654 ipso
1009 618 1146 645 tractatu
1176 616 1338 655 prosecuti
1368 615 1496 646 fuerunt
1525 619 1557 646 et
1584 619 1656 656 post
1688 616 1755 646 eius
1786 617 1882 646 etiam
1910 620 2047 646 mortem

392 666 518 705 legatus
547 665 614 705 ipse
639 675 700 695 una
725 675 795 695 eum
821 664 949 695 domino
974 665 1126 706 Philippo
1153 666 1191 696 de
1217 665 1391 707 Sangineto
1416 668 1584 707 capitaneo
1609 677 1724 708 guerre
1753 667 1893 707 ipsisque
1918 667 2045 707 sapien-

393 717 476 746 tibus
501 716 629 746 fuerunt
653 716 799 746 similiter
822 716 853 746 in
877 717 953 757 ipsis
978 717 1165 747 tractatibus
1190 719 1358 758 prosecuti.
1405 717 1446 748 Et
1463 718 1547 759 quod
1571 718 1647 748 licet
1663 721 1816 749 tractatus
1840 718 1899 758 ipsi
1917 721 2048 758 propter

393 768 518 798 diversa
543 767 724 798 accidentia
748 767 984 799 retardationes
1009 771 1041 799 et
1064 769 1282 809 inpedimenta
1307 769 1500 809 receperint,
1530 773 1637 800 tamen
1661 770 1784 800 noviter
1808 770 1992 800 revixerunt
2016 772 2048 799 et

392 820 422 849 in
448 823 570 849 tantum
594 819 656 849 iam
683 824 917 859 processerunt,
942 819 1027 860 quod
1052 821 1163 850 civitas
1180 820 1312 851 Lucana
1336 824 1445 851 contra
1461 820 1623 851 Bavarum
1647 824 1679 852 et
1702 831 1857 861 sequaces
1880 824 1912 851 et
1935 824 2047 861 gentes

392 881 465 901 suas
489 871 634 911 spiritum
660 870 880 901 rebellationis
906 872 1052 902 assunsit.
1103 871 1145 901 Et
1169 872 1261 905 eiecti
1291 875 1362 902 sunt
1386 882 1541 912 sequaces
1563 872 1681 902 Bavari
1705 871 1744 902 de
1769 872 1837 912 ipsa
1862 872 1990 902 civitate
2015 875 2046 902 et

392 922 489 962 aliqui
520 921 696 959 interfecti,
732 923 785 962 qui
815 933 872 962 pro
902 922 1026 953 Bavaro
1060 922 1307 954 dominabantur
1335 924 1366 953 in
1393 923 1457 953 illa.
1512 922 1553 954 Et
1581 927 1652 954 sunt
1681 924 1711 953 in
1740 927 1813 954 actu
1841 923 2046 964 perfectionis

391 974 497 1004 votive
515 973 654 1003 Domino
680 973 875 1004 concedente
901 977 933 1004 et
955 975 1018 1004 iam
1043 975 1215 1005 manifesta
1238 975 1329 1016 signa
1350 975 1448 1015 ipsius
1472 974 1677 1015 perfectionis
1701 978 1844 1015 aparent,
1869 984 1909 1005 ex
1933 974 2047 1015 quibus

393 1028 588 1065 cooperante
607 1025 772 1054 Altissime
798 1035 858 1055 non
883 1025 985 1056 solum
1011 1025 1050 1056 de
1075 1026 1203 1056 civitate
1221 1026 1361 1063 Lucana,
1386 1026 1443 1057 sed
1468 1026 1506 1056 de
1531 1026 1600 1056 aliis
1624 1026 1731 1057 multis
1747 1026 1890 1067 partibus
1905 1027 2046 1057 maxima

394 1076 549 1106 honorum
578 1078 610 1106 et
635 1075 875 1106 commodorum
901 1077 1089 1117 pervenient
1112 1077 1258 1107 fidelibus
1283 1077 1418 1108 ecclesie
1443 1078 1649 1108 incrementa.
1702 1077 1766 1108 Per
1790 1088 1869 1118 quos
1893 1080 2046 1108 tractatus

392 1127 583 1166 intenditur,
620 1127 705 1167 quod
735 1138 796 1157 non
828 1127 929 1158 solum
961 1128 1086 1168 prefata
1116 1128 1246 1159 Lucana
1277 1130 1402 1165 civitas,
1431 1129 1487 1160 sed
1517 1133 1548 1160 et
1578 1130 1639 1160 alie
1668 1129 1776 1170 plures
1803 1133 1886 1160 terre
1913 1129 2045 1159 istarum

393 1179 548 1218 partium,
585 1189 646 1218 que
676 1189 757 1208 nunc
787 1181 858 1208 sunt
894 1179 924 1209 in
957 1179 1131 1210 rebellione
1165 1184 1273 1211 sancte
1306 1181 1416 1211 matris
1444 1181 1580 1212 ecclesie
1609 1185 1641 1211 et
1668 1181 1858 1211 sanctissimi
1885 1180 1983 1221 patris
2014 1183 2046 1211 et

394 1229 514 1260 domini
542 1229 661 1259 domini
686 1229 838 1260 Iohannis
862 1231 976 1260 summi
1005 1232 1177 1271 pontificis,
1206 1231 1247 1261 ad
1271 1231 1502 1262 subiectionem
1533 1236 1564 1263 et
1588 1232 1804 1263 obedientiam
1830 1231 1913 1262 dicte
1937 1236 2045 1262 sancte

394 1281 504 1310 matris
531 1280 665 1310 ecclesie
692 1281 873 1321 prefatique
898 1282 1012 1311 summi
1037 1282 1195 1321 pontificis
1223 1286 1254 1312 et
1282 1282 1323 1312 ad
1347 1293 1459 1323 pacem
1484 1287 1516 1313 et
1540 1282 1743 1314 concordiam
1771 1293 1841 1313 cum
1867 1282 1990 1313 devotis
2015 1286 2047 1313 et

396 1331 545 1361 fidelibus
581 1331 665 1362 dicte
697 1334 806 1362 sancte
842 1333 951 1362 matris
985 1333 1120 1364 ecclesie
1154 1333 1328 1364 secundum
1361 1334 1593 1365 ordinationem
1629 1338 1660 1364 et
1694 1334 1935 1374 dispositionem
1970 1333 2046 1364 dicti

392 1383 507 1413 summi
532 1383 689 1423 pontificis
713 1383 916 1414 reducantur.
962 1383 1003 1414 Et
1027 1384 1099 1415 ideo
1124 1385 1356 1415 fraternitatem
1373 1390 1510 1416 vestram
1535 1386 1798 1416 affectuosissime
1823 1384 2044 1425 deprecamur,

393 1437 549 1474 quatenus
566 1435 590 1464 si
608 1434 752 1474 predicta
770 1435 909 1465 votivam
933 1435 1164 1475 perfectionem
1181 1437 1337 1476 recipiant
1354 1439 1388 1467 ut
1404 1447 1584 1477 speramus,
1610 1437 1655 1466 eis
1673 1437 1813 1466 contenti
1831 1446 1900 1466 esse
1917 1435 2044 1476 placeat

393 1495 496 1524 caque
521 1489 612 1525 grata
637 1486 800 1525 suscipere
825 1489 988 1526 tamquam
1006 1497 1067 1517 non
1085 1487 1188 1517 solum
1205 1487 1306 1525 utilia,
1331 1487 1387 1517 sed
1404 1488 1584 1518 necessaria
1601 1488 1691 1517 vobis
1708 1491 1741 1518 et
1756 1487 1847 1517 nobis
1864 1487 2043 1527 ceterisque

393 1535 541 1566 fidelibus
559 1536 694 1567 ecclesie
713 1540 822 1567 sancte
839 1537 900 1567 Dei
926 1541 958 1567 et
981 1537 1107 1568 letifera
1124 1538 1250 1569 Bavaro
1275 1539 1402 1580 suisque
1419 1539 1611 1580 sequacibus
1629 1542 1660 1569 et
1680 1538 1860 1569 infidelibus
1876 1539 2042 1569 universis.

393 1587 463 1622 Que
488 1597 587 1627 penes
604 1598 660 1617 vos
685 1589 785 1618 teneri
811 1592 933 1619 secreta
951 1600 1122 1629 quesumus
1146 1594 1178 1620 et
1203 1601 1361 1630 rogamus,
1386 1590 1489 1631 parati
1511 1600 1638 1630 semper
1654 1590 1695 1620 ad
1712 1590 1818 1620 omnia
1834 1592 1925 1630 grata
1942 1589 2042 1620 vobis.

501 1638 585 1668 Data
609 1639 780 1674 Florenti&
807 1639 857 1669 die
882 1640 1026 1670 XXIIII.
1044 1642 1161 1671 mensis
1186 1642 1314 1682 Aprilis,
1340 1642 1413 1672 XII.
1433 1641 1505 1673 ind..
1532 1641 1571 1672 de
1596 1644 1699 1672 110010.

500 1707 623 1738 Eodem
650 1707 745 1738 modo
771 1709 923 1748 seriptum
949 1713 997 1740 est
1020 1711 1180 1740 communi
1205 1710 1369 1741 Senarum.

484 1837 568 1872 573.
609 1838 766 1873 Litterae
795 1839 1020 1873 ‹ml-civitates
1049 1839 1255 1874 I‘cmsimrm
1283 1844 1312 1875 (sl
1339 1841 1516 1875 Sem‘nscm
1546 1841 1681 1875 alterae.
1786 1840 1873 1884 Aps.
1894 1841 1954 1873 27.

503 1912 600 1951 Copia
624 1914 674 1949 (c.)
707 1913 816 1943 lbidrm
846 1913 863 1943 l.
886 1925 909 1943 ις.
936 1914 1048 1951 21382
1082 1914 1134 1944 ubi
1161 1915 1309 1945 rubrum:
1341 1915 1392 1946 Ad
1421 1915 1601 1946 Perusinos.
1637 1934 1676 1937 ——
1710 1913 1807 1945 Dedit
1834 1913 1949 1944 Ficlcer
1981 1912 1999 1943 l.
2018 1924 2042 1944 c.

387 1973 420 2001 2²·
440 1965 500 1992 131
524 1974 572 1992 111.
589 1964 651 1993 251
677 1974 714 1993 aaz:
737 1976 762 1994 0.
809 1964 886 1994 Item
910 1966 1085 2002 repetimus.

500 2047 662 2078 Perusinis
752 2059 807 2089 1110
834 2052 922 2089 parte
948 2049 1214 2081 Florentinermn.

500 2098 666 2129 Habemus
692 2110 765 2129 vere
791 2100 875 2140 quod
893 2100 1037 2131 Bavarus
1061 2101 1119 2131 fuit
1144 2103 1173 2131 in
1199 2103 1397 2142 perlamento
1424 2102 1612 2143 inpartibus
1629 2101 1807 2133 Μαι-0110110
1825 2111 1895 2131 011111
1914 2100 2042 2131 domino

392 2151 479 2180 (fane
505 2153 537 2180 et
562 2151 655 2180 certis
680 2151 748 2180 aliis
774 2155 806 2181 et
830 2151 913 2192 quod
939 2151 1132 2183 Cremonam
1157 2153 1250 2183 rediit
1274 2154 1473 2194 parlamento
1497 2155 1566 2194 ipso
1591 2153 1763 2185 celebrato,
1810 2152 1851 2182 Et
1874 2151 1947 2182 ideo
1971 2162 2043 2182 cum

392 2200 545 2241 expediat
571 2204 602 2231 et
627 2201 855 2237 desideremus,
882 2203 966 2243 quod
992 2204 1080 2233 tallia
1105 2209 1307 2235 consumetur
1331 2208 1362 2235 et
1387 2205 1471 2246 quod
1496 2205 1634 2236 ordinati
1657 2205 1818 2245 sapientes
1842 2203 2042 2241 conveniant,

392 2256 425 2282 et
449 2253 578 2292 sapiens
602 2252 745 2283 Bononie
771 2254 832 2283 iam
859 2258 907 2283 est
936 2258 967 2284 et
993 2254 1045 2284 diu
1074 2255 1169 2286 fuerit
1192 2256 1354 2287 Florentie
1385 2261 1416 2287 et
1444 2261 1584 2288 vestrum
1615 2259 1780 2297 expectet,
1810 2254 2043 2285 fraternitatem

394 2307 531 2333 vestram
558 2305 672 2334 iterato
698 2305 887 2344 requirimus
917 2308 948 2335 et
973 2316 1156 2345 precamur5
1188 2312 1344 2347 quatenus
1376 2309 1554 2348 sapientem
1584 2312 1615 2338 et
1642 2307 1759 2338 milites
1788 2309 1910 2336 vestros
1939 2305 2042 2335 velitis

392 2355 459 2384 sine.
489 2355 630 2385 ulteriori
660 2355 813 2386 dilatione
842 2355 881 2386 ad
913 2357 1074 2387 civitatem
1099 2357 1260 2388 Florentie
1291 2359 1450 2390 destinare
1480 2359 1600 2390 honore
1629 2362 1733 2389 vestro
1763 2368 1819 2398 pro
1849 2359 1934 2387 statu
1962 2356 2041 2386 ami-

392 2416 501 2436 corum
527 2407 703 2447 nostrisque
730 2407 886 2446 precibus.
911 2409 1014 2447 gratia
1032 2412 1063 2438 et
1085 2419 1203 2439 amore.
1239 2409 1280 2440 Et
1303 2410 1343 2440 ad
1367 2410 1426 2440 hoc
1452 2421 1513 2440 non
1530 2410 1632 2440 solum
1649 2409 1763 2444 verbis,
1788 2408 1846 2439 sed
1870 2407 1987 2438 effectu
2012 2411 2042 2436 et

392 2467 490 2497 opere
515 2457 704 2497 procedatisq
730 2458 754 2487 si
779 2459 934 2498 promissa
960 2462 991 2489 et
1015 2467 1170 2490 conventa
1196 2462 1309 2501 cupitis
1334 2461 1513 2492 observare.

500 2509 584 2539 Data
609 2508 781 2547 Florentio,
807 2509 858 2539 die
883 2509 1022 2539 XXVII.
1041 2511 1169 2551 Aprilis.
1195 2512 1270 2541 XII.
1289 2512 1350 2542 ind.

500 2567 624 2598 Eodem
649 2568 743 2598 niodo
768 2569 917 2608 scriptum
944 2572 991 2599 est
1018 2569 1221 2600 Senensibus.

498 2722 522 2752 1)
544 2721 584 2751 Cf.
605 2729 645 2746 111.
660 2725 710 2746 571.

2068 679 2092 697 10

2065 935 2088 953 15

2065 1191 2090 1210 20

2064 1447 2087 1465 25

2062 1720 2087 1738 30

2063 2116 2087 2133 35

2061 2371 2086 2389 40

2059 2722 2082 2740 45
