2205 3025
1832 53 1843 60 ‚-

476 108 571 134 ACTA
591 107 703 133 REGNI
723 106 905 133 LUDEWICI
925 107 971 132 IV.
991 107 1036 133 ET
1058 106 1240 134 FRIDERICI
1259 108 1307 133 III.
1346 108 1419 134 1328.
1457 108 1504 134 Nr.
1517 108 1576 134 401.
1794 111 1852 140 301

206 193 323 227 imperio
347 193 469 219 tenuisse
493 194 521 219 et
546 192 640 218 devios
665 192 790 219 infideles
815 193 850 219 ad
875 192 955 219 fidem
978 193 1113 226 graciosis
1138 193 1245 219 meritis
1269 193 1413 224 invitasse,
1439 196 1573 228 tantoque
1598 194 1687 228 magis
1708 194 1855 228 imperiale

205 246 346 278 sceptrum
372 243 528 275 extollitur,
558 245 638 270 tanto
667 252 732 269 cura
757 244 901 277 regiminis
924 253 941 270 a
967 244 1203 270 sollicitudinibus
1228 247 1257 271 et
1282 245 1422 272 laboribus
1447 246 1598 276 relevatur.
1628 247 1733 279 quanto
1762 246 1856 272 fideles

206 296 294 330 ipsius
313 296 340 321 in
361 295 479 322 circuitu
504 295 615 328 imperii
636 294 826 329 circumspicit
845 295 997 329 digniores,
1017 297 1045 321 et
1064 296 1097 322 de
1116 296 1224 329 fulgore
1247 296 1340 323 throni
1365 297 1468 323 cesarei
1492 298 1568 323 velut
1587 306 1620 324 ex
1639 298 1696 324 sole
1719 297 1790 324 radii
1815 297 1854 324 sie

206 347 292 374 recte
317 348 457 381 prodeunt
480 347 644 380 dignitates,
669 348 700 372 ut
724 346 813 379 prime
836 347 906 373 lucis
930 346 1080 381 integritas
1105 347 1239 373 minorati
1262 348 1375 374 luminis
1400 358 1455 375 non
1479 349 1588 376 senciat
1611 349 1792 376 detrimenta.

173 407 184 426 5
308 398 332 424 2.
353 398 410 423 Hac
436 396 524 430 igitur
550 395 774 422 consideracione
799 396 972 427 commoniti,
1001 398 1048 430 qni
1074 397 1170 424 celesti
1196 398 1376 431 providencia
1401 399 1517 425 Romani
1543 399 1654 433 imperii
1678 400 1851 426 moderamur
1865 412 1911 432 cap.
1924 407 1944 426 2.

204 449 328 475 habenas
347 457 379 474 ac
399 448 484 482 soli[i]
504 447 593 474 nostri
612 447 695 473 decus
714 448 772 473 tan]
794 450 918 474 veterum
937 448 1109 481 dignitatum
1129 449 1271 475 ornatibus
1291 451 1467 476 confovemus
1491 460 1573 484 quam
1598 451 1676 477 novis
1703 451 1854 477 honoribus

205 500 372 534 ampliamus
380 501 399 530 ’ἢ
422 499 545 526 volentes
562 498 755 532 premissorum
770 499 888 525 obtentu
907 499 1040 525 extollere
1060 508 1159 526 nomen
1179 502 1258 526 tuum
1277 502 1305 527 et
1325 502 1352 528 te
1372 502 1552 536 prerogativa
1571 502 1687 536 speciali
1707 502 1855 536 magnifice

204 552 347 583 honorare,
367 552 400 578 de
420 551 595 585 plenitudine
615 550 766 584 potcstatis
785 553 818 577 et
838 559 871 577 ex
891 553 967 577 certa
987 551 1109 578 sciencia
1128 554 1156 578 et
1176 552 1208 578 de
1234 553 1350 579 consilio
1374 555 1526 579 nostrorum
1551 554 1709 587 principum
1730 555 1759 580 et
1778 554 1855 579 baro-

204 612 271 629 num
297 603 428 629 civitates
448 603 533 634 Luce,
555 602 681 633 Pistorii,
701 601 893 628 vultam-arum
913 604 942 628 et
962 602 1036 628 Lune
1061 612 1122 628 cum
1147 603 1273 629 omnibus
1293 607 1321 630 et
1344 604 1461 638 singulis
1481 605 1590 635 castris,
1616 605 1703 636 villis,
1727 605 1807 631 terris
1827 606 1855 630 et

165 663 188 682 10
206 654 274 680 locis
287 654 350 680 sitis
369 654 396 680 in
411 653 575 687 dyocesibus
590 653 715 687 ipsarum
735 656 762 679 et
783 662 843 679 cum
863 654 990 680 omnibus
1009 663 1102 680 earum
1123 657 1151 680 et
1174 655 1305 687 cuiusque
1324 664 1416 681 earum
1441 655 1633 689 pertinenciis,
1659 655 1808 682 territoriis
1827 657 1856 681 et

204 707 448 733 inrisdiccionibus
473 706 695 740 quibuscumque
720 706 755 731 ad
779 702 840 737 iuS,
865 701 1020 732 honorem
1045 706 1077 732 ct
1100 716 1202 732 nomen
1225 707 1358 732 ducatus
1389 707 1567 740 presentibus
1596 708 1799 734 transferentes
1827 709 1855 734 et

204 759 332 785 volentes
355 758 406 784 sub
431 767 486 784 uno
504 757 654 792 dignitatis
678 756 837 789 vocabullo]
862 757 1001 783 contineri
1025 757 1143 783 ducatus
1168 758 1300 784 videlicet
1324 758 1459 789 Lucanus,
1484 760 1512 785 te
1536 765 1592 795 pro
1617 758 1648 785 te
1674 759 1706 785 et
1730 765 1855 785 Succes-

203 805 327 836 soribus
353 806 414 836 tuis
439 808 529 836 exte
554 814 612 845 per
637 805 755 835 lineam
779 804 988 835 masculinam
1013 805 1094 834 natis
1120 808 1151 834 ct
1175 805 1342 835 nascituris
1366 805 1603 846 imperpetuum
1627 811 1715 844 ipsius
1739 811 1856 837 ducatus

204 861 302 887 ducem
322 863 350 887 et
371 860 558 887 vexilliferum
577 862 702 886 nostrum
722 861 751 885 et
769 859 841 885 sacri
861 858 978 885 Romani
998 859 1108 892 imperii
1129 859 1251 885 ubilibet
1270 859 1303 886 de
1324 859 1456 892 premisse
1479 862 1571 886 nostre
1595 860 1744 894 potestatis
1769 861 1855 894 pleni-

166 920 189 938 15
209 912 305 938 tudine
325 914 352 937 et
374 911 524 945 principali
544 911 736 937 munificencia
756 919 956 944 promovemus,
986 911 1088 937 eisdem
1108 910 1299 938 libertatibus,
1322 910 1548 936 immunitatibus
1572 913 1599 937 et
1623 912 1728 937 iuribus
1750 912 1856 946 predic-

205 965 264 990 tum
284 963 416 990 ducatum
438 965 517 989 tuum
538 962 709 996 presencium
734 962 904 988 auctoritate
929 962 1071 992 dotantes,
1098 972 1150 995 que
1170 962 1296 989 ducalem
1323 962 1439 988 deceant
1462 962 1638 995 dignitatem.
1676 963 1856 996 Prefatasque

205 1015 336 1041 civitates
350 1018 378 1042 et
392 1014 548 1048 quamlibet
562 1023 655 1040 carum
670 1016 698 1040 et
718 1023 810 1040 omnes
830 1015 946 1044 terras&
967 1015 1068 1044 castra,
1089 1013 1231 1039 territoria
1250 1015 1335 1046 atquc
1356 1013 1424 1043 loca,
1444 1022 1495 1046 que
1511 1013 1539 1038 in
1558 1014 1721 1047 dyocesibus
1740 1023 1787 1041 seu
1800 1015 1856 1048 epi-

203 1067 365 1100 scopatibus
390 1068 417 1092 et
441 1065 590 1092 territoriis
622 1068 649 1091 et
674 1065 855 1099 pertinenciis
881 1065 1002 1099 ipsarum
1027 1065 1175 1091 civitatum
1201 1074 1256 1091 seu
1280 1065 1429 1091 cuiuslibet
1456 1074 1548 1090 earum
1572 1074 1618 1091 seu
1644 1066 1716 1092 intra
1739 1066 1857 1092 confines

204 1119 360 1152 dyocesnm,
381 1118 602 1152 episcopatuum,
617 1117 850 1151 pertinenciarum
867 1118 896 1143 et
909 1117 1112 1143 territoriorum
1127 1117 1298 1150 prefatarum
1314 1116 1462 1142 civitatum
1476 1118 1505 1142 et
1522 1116 1671 1143 cuiuslibet
1691 1126 1785 1143 earum
1804 1117 1856 1143 site

160 1175 185 1195 2⁰
205 1174 270 1198 sunt
300 1180 348 1197 seu
377 1171 446 1202 sita,
475 1171 683 1205 imperpetuum
715 1170 767 1196 tibi
799 1171 827 1196 et
855 1170 991 1203 legitimis
1022 1169 1228 1196 successoribus
1257 1169 1313 1194 tuis
1338 1178 1371 1195 ex
1395 1171 1423 1194 tc
1453 1168 1686 1195 descendentibus
1715 1165 1797 1195 natis
1825 1169 1858 1196 et

202 1219 370 1249 nascituris
394 1232 444 1257 per
469 1223 572 1249 lineam
601 1222 784 1249 masculinam
810 1231 843 1247 ex
868 1223 945 1248 certa
969 1221 1089 1248 scientia
1112 1221 1223 1252 damus,
1254 1221 1432 1247 concedimus
1457 1222 1485 1246 ct
1515 1221 1652 1246 donamus
1681 1230 1741 1246 cum
1767 1221 1855 1246 omni-

203 1273 255 1300 bus
275 1275 303 1299 et
321 1273 441 1306 singulis
462 1273 544 1304 villis,
564 1273 670 1301 castris.
690 1272 796 1301 torris&
817 1272 964 1301 casalibus,
985 1271 1107 1301 vasallisv
1128 1271 1300 1302 hominibus,
1325 1270 1555 1304 possessionibus,
1576 1270 1736 1299 honoribusv
1756 1270 1857 1301 usibus,

203 1325 317 1357 dirittis,
336 1325 433 1356 feodis,
450 1325 600 1358 homagiis
617 1324 814 1358 patronatibus
829 1324 989 1350 vacantium
1007 1325 1036 1349 et
1052 1332 1109 1349 non
1124 1323 1283 1349 vacantium
1301 1323 1481 1349 ecclesiarum
1501 1324 1530 1349 et
1547 1323 1671 1349 locorum
1686 1318 1726 1348 ad
1745 1332 1807 1349 nos
1830 1326 1859 1350 et

203 1383 326 1404 sacrum
344 1372 525 1403 Romanum
550 1376 707 1410 imperium
730 1375 924 1410 spectantibus
941 1381 996 1401 scu
1015 1370 1248 1411 pertinentibus
1265 1376 1293 1401 et
1309 1384 1370 1401 cuni
1388 1375 1470 1401 terris
1487 1375 1570 1401 cultis
1587 1376 1615 1401 et
1632 1374 1754 1402 incultis.
1771 1375 1858 1406 silvis,

161 1433 184 1452 25
204 1428 327 1462 pascuis,
347 1427 513 1453 nemoribus.
533 1426 638 1455 saliuis,
659 1426 773 1456 balneisy
793 1426 908 1459 stagnis,
928 1426 1044 1452 lacubus
1057 1427 1142 1459 atque
1156 1425 1376 1458 quibuscumque
1396 1425 1477 1457 aquis
1497 1427 1525 1451 et
1539 1434 1672 1458 aquarum
1689 1425 1857 1455 decursibus,

203 1478 377 1508 molendinis,
398 1478 549 1512 piscariis&
569 1478 786 1511 piscacionibus,
808 1477 1020 1508 venacionibus‚
1045 1477 1199 1508 montibus,
1221 1477 1326 1510 planis.
1353 1477 1476 1503 vallibus
1496 1479 1525 1503 et
1549 1477 1675 1503 omnibus
1695 1479 1723 1503 et
1742 1477 1859 1510 singulis

204 1531 281 1562 locis,
302 1530 407 1556 iuribus
428 1533 456 1557 et
471 1530 654 1563 pertinenciis
670 1532 727 1556 tam
743 1529 826 1556 maris
841 1539 923 1562 quam
944 1532 1016 1556 terre
1037 1530 1207 1562 prestiturum
1228 1529 1385 1560 civitatum,
1405 1531 1539 1554 terrarum
1555 1531 1582 1554 et
1596 1529 1716 1554 locorum
1731 1530 1759 1554 et
1772 1529 1859 1554 cuins-

207 1591 323 1616 cumque
342 1582 464 1616 ipsarum
485 1585 513 1608 et
532 1582 654 1616 ipsorum
673 1582 853 1608 existentium
872 1582 943 1607 infra
964 1582 1104 1615 predictas
1124 1581 1267 1614 dyoceses,
1294 1582 1413 1607 contines
1433 1583 1461 1606 et
1480 1580 1554 1609 loca,
1580 1589 1632 1613 que
1652 1580 1680 1605 in
1702 1580 1860 1606 huiusmodi

208 1636 306 1661 nostra
326 1635 504 1661 concessione
524 1636 551 1661 et
571 1634 722 1660 donat-ione
741 1634 791 1660 sub
810 1633 927 1667 speciali
948 1636 996 1659 aut
1016 1633 1139 1666 generali
1162 1633 1296 1659 vocabulo
1316 1635 1431 1666 possunt
1450 1632 1572 1665 intelligi
1591 1634 1641 1657 aut
1665 1631 1859 1664 comprehendi

163 1691 188 1710 3⁰
209 1688 242 1714 et
262 1695 315 1719 que
335 1687 370 1712 ad
390 1696 438 1712 nos
457 1687 486 1712 et
506 1685 657 1711 Romanum
678 1685 824 1719 imperium
844 1687 972 1719 spectare
991 1687 1148 1711 noscuntur.
1187 1684 1223 1710 Et
1242 1684 1281 1710 sic
1301 1686 1328 1710 te
1352 1692 1577 1716 successoresque
1597 1684 1677 1709 tuos*
1699 1679 1859 1719 predictos

206 1739 234 1765 in
254 1739 352 1765 ducem
373 1740 400 1764 et
420 1738 504 1764 duces
526 1737 646 1771 predicti
666 1738 783 1764 ducatus
804 1746 864 1763 cum
885 1736 1026 1771 dignitate
1046 1736 1150 1762 illustri
1170 1736 1322 1769 eligiums*,
1342 1735 1543 1766 constituimus,
1564 1735 1720 1768 preficimus
1739 1738 1767 1762 et
1787 1743 1859 1760 crea-

206 1799 273 1816 mus.
310 1789 414 1816 Dantes
436 1791 464 1815 et
484 1789 666 1816 concedentes
686 1789 738 1815 tibi
759 1792 787 1815 et
806 1788 1011 1814 successoribus
1031 1788 1086 1814 tuis
1107 1788 1240 1821 predictis
1259 1787 1286 1813 in
1301 1787 1434 1821 premisso
1454 1787 1557 1812 ducatu
1572 1786 1763 1819 plenissimam
1783 1785 1859 1810 inris-

206 1841 358 1868 diccionem
379 1844 408 1868 et
428 1841 545 1867 liberam
564 1841 763 1867 auctoritatem
784 1843 811 1866 et
831 1842 1001 1874 potestaten]
1022 1839 1202 1866 iurisdicendi
1224 1848 1272 1873 per
1292 1841 1319 1865 te
1343 1841 1371 1865 et
1391 1848 1439 1872 per
1458 1838 1526 1864 alios
1546 1847 1577 1864 ac
1598 1838 1685 1864 eciam
1706 1846 1809 1863 merum
1829 1838 1858 1862 et

206 1893 323 1918 mixtum
343 1893 499 1926 imperium,
520 1895 549 1919 ut
570 1901 696 1919 exercere
712 1893 805 1918 valeas
825 1894 853 1918 et
868 1892 978 1918 valeant
999 1891 1087 1926 gladii
1108 1893 1277 1925 potestatem
1298 1891 1333 1916 ad
1347 1889 1623 1916 animadvertendum
1643 1889 1669 1915 in
1690 1889 1858 1915 facinorosos

160 1946 186 1966 35
205 1946 233 1971 et
252 1944 345 1970 malos.

314 1993 342 2022 3.
367 1996 403 2022 ΕἴἸ
420 1998 451 2022 ut
467 1996 554 2030 ipsius
571 1996 689 2022 ducatus
706 1995 846 2029 dignitate
864 1997 892 2022 te
909 1997 937 2022 et
954 1996 1079 2029 prefatos
1096 1996 1159 2021 tuos
1181 2003 1354 2021 successores
1379 1988 1530 2027 cognoscas
1554 1993 1674 2026 amplius
1698 1994 1726 2018 et
1750 1992 1857 2018 favora-
1873 1999 1949 2023 cap.3.

205 2048 290 2074 bilius
314 2048 351 2074 ab
381 2043 539 2084 imperiali
569 2043 747 2073 eminencia
770 2047 928 2079 sublimari,
954 2047 1007 2072 tibi
1031 2048 1059 2073 et
1090 2046 1296 2072 successoribus
1326 2046 1381 2072 tuis
1410 2045 1544 2079 predictis
1573 2054 1605 2071 ex
1629 2045 1690 2078 ipsa
1718 2043 1858 2077 dignitate

205 2099 322 2124 ducatus
342 2100 478 2132 perpetuo
491 2098 615 2124 decrevit
635 2100 792 2131 competere
812 2099 907 2123 nostra
926 2097 1061 2123 serenitas
1081 2097 1280 2122 auctoritatem
1300 2099 1328 2122 et
1347 2098 1517 2129 potestatem
1532 2094 1643 2121 creandi
1663 2096 1691 2120 et
1710 2094 1855 2119 ordinandi

205 2152 341 2183 perpetuo
361 2150 404 2176 vel
424 2150 459 2175 ad
483 2151 606 2183 tempus,
630 2152 713 2182 prout
734 2149 813 2175 vobis
834 2149 985 2183 placuerit,
1012 2149 1039 2174 in
1059 2149 1176 2183 singulis
1197 2149 1374 2178 civitatibus,
1400 2147 1511 2177 castris,
1531 2147 1633 2181 opidis,
1655 2146 1758 2175 villis-²2.
1779 2145 1858 2172 terris

160 2209 187 2228 40
206 2201 274 2227 dicti
294 2201 412 2227 ducatus
433 2201 561 2231 vicarios,
581 2201 756 2234 capitaneos,
777 2202 944 2234 potestates,
964 2200 1070 2226 iudices
1090 2209 1137 2226 seu
1158 2202 1277 2226 rectores
1296 2202 1323 2225 et
1344 2200 1484 2233 quoslibet
1503 2198 1656 2225 ordinarios
1676 2197 1857 2231 magistratus

206 2254 250 2280 vel
274 2254 360 2280 etiam
383 2254 529 2288 delegatos
554 2255 582 2280 et
606 2262 798 2286 quoscumque
815 2253 936 2279 honores
961 2251 993 2279 et·
1017 2248 1191 2289 dignitates
1215 2254 1316 2285 atque
1333 2252 1471 2278 honorum
1495 2250 1527 2277 et
1551 2246 1742 2286 dignitatum
1766 2249 1858 2276 officia

205 2313 267 2331 cum
291 2305 462 2331 auctoritate
487 2307 516 2331 et
538 2306 682 2338 potestate
706 2305 888 2331 inrisdicendi
912 2306 942 2331 et
965 2313 1041 2330 mero
1066 2306 1094 2330 et
1118 2304 1206 2330 mixto
1231 2303 1358 2337 imperio,
1384 2305 1493 2329 statuta
1510 2301 1693 2335 municipalia
1710 2300 1856 2329 condendiv

205 2355 347 2382 statuendi
366 2357 394 2382 et
414 2355 578 2381 decernendi
598 2355 652 2381 iuri
666 2355 761 2381 divino
782 2363 817 2381 ac
837 2355 959 2381 naturali
974 2364 1025 2380 non
1041 2354 1188 2383 contraria,
1208 2355 1291 2388 prout
1312 2353 1433 2379 utilitati
1454 2355 1482 2379 et
1496 2352 1611 2386 pacifico
1626 2351 1713 2377 statui
1728 2350 1857 2384 expedire

207 2405 332 2431 videritis
351 2406 546 2433 subiectorum.
584 2406 626 2432 Ad
645 2407 696 2432 hec
716 2415 825 2439 quoque
846 2406 874 2431 in
893 2406 1020 2440 predicto
1042 2408 1090 2432 tuo
1109 2406 1213 2431 ducatu
1233 2405 1347 2430 flumina
1367 2403 1542 2437 navigabilia
1561 2405 1590 2429 et
1609 2411 1641 2429 ex
1660 2402 1761 2434 quibus
1780 2401 1856 2426 navi-

159 2470 186 2488 45
205 2456 313 2490 gabilia
326 2457 404 2489 fiunt,
418 2460 523 2491 portus,
538 2458 648 2491 plagias
662 2457 735 2483 sicut
749 2466 820 2483 nunc
831 2457 982 2483 dinosceris
993 2457 1141 2490 possidere,
1155 2457 1230 2490 ripas
1245 2460 1271 2483 et
1287 2455 1407 2489 ripatica
1421 2463 1526 2481 necnon
1541 2453 1702 2487 vectigalia,
1716 2452 1854 2479 theloneav

206 2509 267 2535 auri
290 2511 318 2536 et
341 2510 454 2544 argenti
477 2512 506 2536 et
530 2510 708 2536 metallorum
733 2510 857 2536 omnium
887 2511 1018 2543 questum
1047 2518 1120 2534 nunc
1144 2509 1224 2535 nobis
1250 2510 1279 2535 et
1309 2507 1427 2541 imperio
1458 2506 1631 2540 pertinentia
1661 2505 1713 2531 tibi
1744 2505 1856 2536 tuisque

206 2561 411 2587 successoribus
434 2557 621 2587 memoratis
645 2561 823 2587 concedimus
848 2563 877 2587 et
900 2561 1036 2587 donamus
1060 2569 1092 2586 ac
1116 2562 1228 2586 monete
1252 2562 1311 2585 tam
1335 2559 1395 2585 auri
1419 2567 1503 2591 quam
1527 2557 1638 2591 argenti
1663 2558 1691 2583 et
1714 2556 1788 2582 heris
1811 2563 1854 2580 cu—

206 2610 293 2637 dende
315 2611 381 2637 iusti
395 2613 423 2637 et
435 2611 504 2638 recti
524 2611 654 2645 ponderis
674 2611 700 2637 in
720 2611 781 2645 ipso
803 2613 850 2637 tuo
869 2611 974 2637 ducatu
993 2610 1047 2636 tibi
1067 2612 1095 2636 et
1114 2609 1249 2643 predictis
1268 2609 1325 2635 tuis
1344 2607 1548 2634 successoribus
1562 2606 1685 2640 presenti
1706 2604 1854 2638 privilegio

206 2661 370 2689 facultatem
389 2663 506 2689 liberam
525 2663 714 2696 indulgemus,
741 2665 769 2689 et
794 2663 876 2689 feoda
895 2662 1013 2695 antiqua
1033 2664 1062 2688 et
1085 2670 1170 2692 nova,
1196 2663 1272 2687 recta
1292 2662 1319 2686 et
1343 2660 1450 2692 regalia
1470 2657 1627 2684 conferendi
1648 2659 1676 2682 et
1695 2654 1853 2682 infeodandi

162 2725 188 2744 50
206 2713 326 2739 vasallos
349 2714 459 2747 imperii
478 2714 511 2740 de
531 2714 631 2745 feodis,
657 2723 709 2746 que
729 2723 812 2740 manu
839 2714 882 2740 vel
902 2722 947 2739 ore
970 2716 1019 2740 aut
1044 2721 1216 2746 quocumque
1238 2712 1294 2738 alio
1312 2711 1393 2737 modo
1412 2710 1513 2736 fuerint
1539 2707 1714 2735 eonferenda
1739 2708 1765 2732 et
1786 2705 1853 2731 reci-
