2205 3025
508 111 604 137 ACTA
624 111 737 137 REGNI
756 111 938 138 LUDEWICI
959 112 1004 139 IV.
1025 112 1069 138 ET
1090 111 1273 138 FRIDERICI
1293 112 1341 138 111.
1380 112 1453 138 1328.
1490 112 1537 139 Nr.
1551 114 1609 140 419.
1823 118 1880 148 321

234 206 291 226 nos
315 197 472 238 impingit.
509 198 616 233 Quare
633 208 690 228 nos
707 197 860 236 volentes,
884 202 919 229 ut
942 199 1010 229 sitis
1027 198 1283 229 consolacionum
1308 199 1373 236 filii,
1398 200 1451 240 qui
1476 199 1576 230 fuistis
1597 201 1652 231 filii
1669 203 1851 242 passionum
1864 203 1884 243 ¹,

232 257 290 278 vos
314 251 346 278 et
370 248 531 279 civitatem
555 252 692 279 vestram
723 252 754 279 et
784 250 969 280 comitatum
999 251 1096 290 ipsius
1127 261 1163 281 ac
1195 250 1292 281 etiam
1316 250 1462 281 homiues
1491 252 1676 282 eorumdem
1702 257 1826 284 nostros
1850 258 1883 285 et

235 299 315 329 sacri
338 299 476 330 Romani
499 300 624 341 imperii
648 300 759 331 fideles
784 301 916 331 devotos
940 301 1098 342 imperiali
1122 302 1312 332 auctoritate
1337 306 1368 332 et
1390 312 1429 332 ex
1452 306 1539 333 certa
1556 304 1688 335 scientia
1710 305 1750 335 ad
1773 315 1883 336 omnes

235 354 268 380 et
284 351 426 392 singulos
449 351 597 391 honores,
622 351 803 391 dignitates,
829 353 1006 393 privilegia,
1031 352 1145 389 officia,
1170 353 1285 384 feudaa
1302 358 1334 384 ct
1358 353 1442 384 bona
1459 358 1491 384 et
1511 355 1573 385 111111
1591 366 1779 397 quecunque
1804 357 1882 396 iura,

203 416 214 433 ε,
234 412 296 442 que
320 403 487 432 retroactis
510 403 708 443 temporibus
732 404 976 444 quomodolibet
999 404 1196 444 possedistis,
1220 404 1376 435 habuistis
1400 408 1432 436 et
1455 407 1610 445 tenuistis,
1636 408 1750 448 quibus
1767 419 1786 439 a
1803 419 1882 449 quo-

233 463 372 494 cunque,
397 453 661 494 qualitercunque
686 458 718 485 et
742 455 1030 496 quomodocunque
1055 456 1171 496 privati
1202 455 1317 494 fuistis,
1348 458 1378 486 iu
1403 458 1562 497 integrum
1593 459 1802 499 restituimus,
1826 471 1883 491 vos

233 504 274 534 ad
297 505 464 544 pristinum
489 495 617 544 stat‘um,
642 506 670 535 in
698 516 759 546 quo
785 507 881 536 eratis
906 511 979 537 ante
1004 508 1214 548 privationem
1232 508 1420 548 predictam,
1446 509 1485 538 de
1507 509 1665 549 imperiali
1682 511 1884 551 providentia

232 555 432 595 reducentes,
457 555 612 596 vobisque
637 560 669 587 et
694 557 776 587 dicte
801 558 920 588 civitati
946 559 1133 589 comitatum
1158 559 1294 590 civitatis
1317 559 1475 599 predicte,
1504 565 1597 600 prout
1625 561 1779 592 hactenus
1803 573 1882 604 quo-

232 617 356 647 cunque
381 610 526 647 tempore
551 607 675 647 plenius
699 607 854 638 habuistis
879 612 910 639 et
935 610 1131 649 possedistis,
1155 614 1187 640 et
1211 611 1393 650 specialiter
1417 614 1529 649 castra,
1554 612 1645 643 villas
1670 616 1702 644 et
1725 613 1796 644 loca
1819 614 1882 645 alia

189 669 213 688 10
233 668 422 698 quecunque
439 659 516 688 sitas
534 662 565 688 et
582 659 642 688 sita
658 659 688 688 in
706 658 835 699 dyocesi
853 660 1055 700 episcopatus
1077 661 1160 691 dicte
1179 661 1315 692 civitatis
1333 661 1445 692 Urbini
1469 666 1500 693 et
1518 662 1664 694 Castrum
1682 664 1882 696 Galliardum

231 720 302 740 cum
319 709 405 740 Villa
429 708 537 740 Sancti
553 710 684 741 Audree
710 721 778 740 cum
805 713 871 740 toto
896 722 951 741 suo
970 712 1128 742 territorio
1147 712 1185 742 de
1204 716 1310 743 nostre
1331 713 1528 753 plenitudine
1546 716 1714 755 potcstatis
1732 720 1763 747 et
1779 718 1882 757 gratia

230 761 362 802 speciali
386 761 425 792 de
450 771 531 791 novo
563 761 767 792 concedimus
798 766 830 792 et
859 763 998 801 unimus,
1030 764 1133 804 ipsum
1165 765 1348 794 comitatum
1386 769 1418 795 et
1452 770 1555 796 castra
1586 767 1730 807 predicta
1763 769 1882 799 civitati

230 812 343 844 Urbini
367 813 493 854 prefate
517 813 659 843 totaliter
683 817 907 854 aggregantes,
944 814 995 844 Ad
1020 814 1079 844 hec
1104 825 1231 855 quoque
1249 815 1393 846 volentes
1411 826 1466 846 vos
1490 817 1646 847 uberioris
1670 820 1772 859 gratie
1798 820 1881 851 dono

229 865 394 905 prosequi,
419 864 509 895 vobis
534 868 566 895 et
590 865 709 895 civitati
738 865 882 905 predicte
911 866 1039 906 plenam
1071 870 1103 896 et
1131 866 1265 896 liberam
1297 867 1561 902 iurisdictionem,
1594 871 1818 902 auctoritatem
1850 875 1882 902 et

187 930 211 948 15
231 920 424 956 potestatem
454 927 576 946 merum
608 920 639 946 ct
670 917 805 946 mixtum
834 917 1001 957 imperium
1035 917 1206 947 exercendi
1236 918 1266 947 in
1303 918 1498 948 facinorosos
1529 923 1561 949 et
1592 921 1693 951 malos
1724 923 1881 963 imperiali

230 968 421 998 auctoritate
446 967 649 998 concedimus
673 972 769 1008 atque
795 968 917 999 damus.
942 969 1031 998 vobis
1056 978 1087 998 et
1112 969 1232 999 civitati
1256 969 1399 1009 predicte
1418 970 1640 1001 nichilominus
1657 974 1881 1014 concedentes,

229 1022 264 1049 ut
288 1020 415 1060 possitis
440 1023 471 1049 et
495 1019 630 1050 valeatis
654 1023 863 1059 potestatem,
894 1020 1096 1060 capitaneum
1128 1030 1184 1050 seu
1213 1020 1309 1050 alium
1342 1025 1498 1051 1001010111
1531 1023 1650 1063 eligere
1680 1028 1712 1054 et
1742 1025 1881 1057 iudicem

231 1071 380 1111 aliquem,
405 1070 444 1100 ad
470 1081 564 1111 quem
590 1070 691 1101 solum
718 1074 749 1101 et
772 1072 871 1111 possit
897 1076 927 1101 et
952 1071 1071 1102 debeat
1094 1071 1205 1102 haberi
1230 1082 1376 1102 recursus
1400 1084 1495 1112 super
1519 1074 1788 1114 appellationibus
1815 1080 1881 1108 tam

229 1122 260 1152 111
284 1123 387 1163 111-111111
412 1133 507 1163 quam
530 1123 560 1152 111
585 1122 725 1153 secunda
749 1133 845 1153 causa
871 1123 1063 1163 interpositis
1092 1127 1124 1153 et
1152 1124 1393 1163 interponendis
1425 1136 1480 1164 per
1505 1125 1648 1155 homines
1674 1130 1705 1156 et
1728 1138 1882 1167 personas

187 1185 212 1204 20
231 1174 367 1204 civitatis
391 1173 550 1214 predicte,
582 1174 751 1204 comitatus
776 1179 807 1204 et
832 1174 992 1205 districtus
1017 1175 1159 1205 eiusdem
1187 1179 1218 1204 et
1242 1174 1383 1205 locorum
1411 1176 1624 1215 predictorum
1651 1180 1682 1207 et
1705 1188 1763 1217 per
1787 1190 1880 1219 quos-

231 1235 355 1266 cunque
385 1225 465 1255 alios
493 1225 655 1267 litigantes
686 1227 715 1255 in
742 1225 825 1256 dieta
849 1226 977 1256 civitate
1003 1230 1034 1257 et
1063 1227 1139 1256 locis
1168 1226 1334 1266 predictis,
1369 1227 1473 1257 01110111
1505 1227 1599 1258 iudici
1631 1239 1726 1268 super
1749 1230 1882 1269 prefatis

229 1277 499 1318 appellationibus
523 1277 772 1308 iuriffllictiouem
798 1277 997 1317 legiptimum
1023 1281 1054 1307 et
1079 1278 1270 1308 ordinariam
1296 1278 1507 1308 conferentes.
1551 1279 1684 1320 Insuper
1700 1291 1774 1311 vcro
1792 1281 1881 1312 vobis

231 1332 262 1359 et
287 1329 405 1359 civitati
430 1329 555 1369 prefate
580 1330 686 1359 onmia
717 1332 748 1359 ct.
775 1329 899 1369 singula
924 1330 1091 1369 privilegia
1119 1334 1150 1359 et
1177 1330 1297 1369 gratias
1322 1330 1413 1360 vobis
1437 1334 1467 1360 et
1492 1331 1612 1360 civitati
1638 1331 1780 1371 predicte
1806 1343 1880 1363 cou-

229 1390 319 1412 eessa
343 1384 374 1411 et
399 1391 566 1411 concessas
590 1391 608 1411 a
632 1384 716 1411 retro
743 1381 894 1411 Romanis
919 1381 998 1411 divis
1023 1381 1217 1421 principibus
1243 1381 1525 1421 prfflleeessoribus
1549 1383 1664 1413 uostris
1686 1387 1717 1413 et
1741 1385 1881 1415 maxime

185 1442 208 1462 25
229 1443 247 1463 a
270 1432 352 1463 bone
377 1433 531 1463 memorie
557 1432 720 1463 Friderico
745 1436 776 1462 et
794 1432 934 1463 110111100
960 1433 1113 1463 Romanis
1138 1433 1386 1473 imperatoribus
1412 1433 1692 1473 1›1·e‹lee‹.·ssoribus
1710 1436 1823 1466 uostris
1841 1447 1881 1467 ox

228 1487 316 1514 certa
341 1484 473 1515 scientia
499 1484 538 1514 de
563 1485 693 1524 speciali
717 1485 820 1525 gratia
845 1485 1078 1520 confirmamus,
1104 1485 1297 1515 ratificamus
1322 1489 1353 1514 et
1381 1485 1606 1525 approbamus.
1655 1486 1825 1518 cassantes
1850 1492 1882 1519 et

227 1536 387 1566 irritantes
411 1546 446 1566 ac
471 1535 671 1566 annullantes
696 1547 806 1567 omues
830 1537 1005 1567 sententias
1029 1539 1061 1566 et
1085 1547 1251 1577 processus
1282 1536 1363 1566 latas
1388 1540 1419 1566 et
1448 1537 1548 1567 factos
1579 1548 1675 1578 super
1703 1539 1880 1578 privatione

227 1587 372 1628 predicta
395 1597 452 1628 per
476 1598 696 1628 quoscunque,
726 1588 940 1629 cuiuscunque
966 1592 1066 1618 status
1095 1591 1127 1618 et
1151 1587 1340 1618 conditionis
1370 1589 1522 1627 existant,
1554 1594 1585 1619 et
1610 1590 1667 1619 sul)
1693 1601 1880 1631 quacunque

228 1639 396 1669 verborum
422 1640 629 1679 conceptione
654 1639 821 1672 formatas,
854 1650 932 1680 quas
962 1643 994 1669 et
1027 1650 1105 1680 quos
1135 1639 1174 1669 de
1207 1644 1312 1670 nostre
1344 1640 1541 1680 plenitudine
1572 1642 1738 1681 potestatis
1770 1653 1879 1673 carere

184 1703 208 1720 30
227 1691 372 1721 volumus
397 1691 482 1721 omni
507 1691 621 1721 robore
647 1691 813 1721 firmitatis.
860 1691 931 1721 Nou
956 1691 1155 1721 obstantibus
1184 1692 1214 1721 111
1244 1692 1406 1732 premissis
1434 1692 1483 1722 vel
1515 1692 1622 1732 aliquo
1655 1694 1879 1733 premissorum

226 1742 385 1782 aliquibus
409 1742 534 1782 legibus
551 1743 743 1773 contrarium
761 1742 1013 1783 disponentibus,
1039 1743 1152 1783 quibus
1170 1747 1323 1784 quantum
1349 1743 1388 1773 ad
1414 1745 1568 1784 premissa
1587 1756 1626 1774 ex
1645 1748 1731 1775 certa
1749 1746 1881 1776 scientia

228 1793 420 1834 derogamus
452 1798 484 1824 et
516 1804 586 1823 esse
616 1793 762 1824 volumus
787 1794 986 1835 derogatum.
1082 1794 1168 1825 Nulli
1199 1805 1275 1834 ergo
1308 1796 1437 1825 omniuo
1474 1795 1636 1826 hominum
1672 1796 1768 1826 liceat
1799 1796 1879 1827 hanc

226 1848 332 1875 nostre
357 1846 579 1885 concessionis,
605 1847 727 1876 unionis
753 1849 784 1876 et
808 1847 1047 1887 aggregationis
1072 1847 1222 1886 paginam
1247 1846 1419 1887 infringere
1437 1846 1487 1877 vel
1512 1847 1539 1876 ei
1559 1857 1636 1877 ausu
1654 1848 1759 1888 aliquo
1779 1852 1878 1879 teme-

225 1897 308 1927 rario
326 1898 491 1927 contraire.
527 1897 558 1927 Si
577 1898 645 1938 quis
664 1908 737 1928 vero
763 1898 822 1927 hoc
840 1901 1032 1938 attemptare
1054 1899 1294 1938 presumpserit,
1319 1908 1450 1938 gravem
1469 1898 1719 1938 indignationem
1738 1903 1878 1930 nostram

183 1960 205 1978 35
227 1952 259 1978 ct
283 1958 400 1988 penam
424 1948 510 1979 mille
535 1948 735 1979 marcharum
760 1950 884 1989 argenti
913 1949 1010 1979 fischo
1040 1952 1147 1979 nostro
1176 1960 1233 1990 pro
1259 1949 1391 1979 dimidia
1415 1949 1640 1990 appli‹;·audam
1674 1954 1705 1980 et
1735 1961 1791 1990 pro
1815 1952 1878 1982 alia

226 1999 358 2030 dimidia
382 2001 464 2040 parti
492 2001 559 2031 lese
588 2011 621 2031 se
647 2001 770 2031 noverit
800 2002 1007 2031 incursurum.
1096 2001 1132 2031 Iu
1164 2002 1253 2031 cuius
1286 2002 1329 2031 rei
1360 2001 1577 2031 testimonium
1610 2006 1775 2041 presentes
1804 2013 1877 2033 cou-

225 2051 319 2082 scribi
344 2055 375 2082 et
399 2052 503 2092 sigillo
528 2056 635 2082 nostro
660 2052 818 2092 imperiali
844 2052 977 2083 fecimus
1002 2053 1200 2083 communiri.

333 2111 452 2142 Datum
476 2112 590 2151 Rome,
615 2112 755 2143 XXVII.
781 2112 832 2143 die
858 2113 975 2143 mensis
998 2113 1119 2151 Martii,
1144 2113 1317 2143 indictione
1344 2113 1469 2143 decima
1494 2113 1612 2153 prima,
1643 2123 1726 2143 anno
1750 2113 1878 2144 Domini

226 2163 395 2193 millesimo
421 2164 646 2194 trecentesimo
673 2164 826 2204 vigesimo
851 2168 978 2203 octavo,
1013 2165 1101 2205 regni
1131 2165 1231 2195 nostri
1256 2174 1337 2194 anuo
1363 2164 1620 2204 quartodecimo,
1653 2165 1777 2204 imperii
1802 2175 1878 2195 vcro

179 2226 204 2243 40
223 2215 335 2255 primo.

325 2366 389 2394 419.
418 2369 439 2399 ³]
460 2370 551 2393 famam
571 2378 590 2393 c.

327 2471 351 2496 11
373 2469 412 2502 Cf.
432 2474 455 2496 2.
473 2470 530 2496 Cor.
546 2475 566 2503 1,
584 2475 604 2497 7.

326 2785 364 2802 LL.
375 2785 600 2803 CONSTITUTIONES
613 2786 649 2803 VI.
1633 2777 1663 2801 41
