2205 3025
155 538 166 556 .¹›

139 846 163 864 10

139 1108 162 1127 1⁵

137 1364 162 1382 20

138 1618 162 1638 25

138 1876 165 1895 30

138 2130 163 2148 ³5

139 2390 165 2408 40

139 2645 165 2663 «15

459 109 555 135 ACTA
575 109 682 135 REGM
702 108 885 135 LUDEWICI
906 108 952 135 IV.
972 109 1016 134 ET
1036 108 1220 135 FRIDERICI
1240 109 1287 136 ΙΙΙ.
1325 109 1400 136 132ῖ.
1437 109 1484 135 Nr.
1497 110 1556 136 362.
1775 111 1836 140 269

362 257 436 292 362.
471 255 757 293 LUDEWICI
784 255 1140 293 CONSTITUTIO
1165 256 1416 294 DUCATUS
1442 259 1657 295 LUCANI.

852 325 959 361 1327.
999 325 1172 361 Nov.17.

297 422 474 463 Orz'qz'wzcdia
499 423 560 453 duo
589 426 599 453 l
627 425 654 453 cl
678 425 695 453 2
724 423 827 453 cadem
860 434 956 454 mmm
983 425 1099 462 scripta
1136 425 1200 461 fere
1230 425 1354 455 omnino
1384 425 1466 455 <inter
1494 436 1525 455 sc
1552 424 1771 455 concordantia
1802 424 1835 454 in

182 474 339 505 tabulario
369 475 450 513 reylo
479 473 619 505 Lucano.
669 474 868 505 Conleclimus
897 485 962 505 uos.
1013 475 1126 515 Siye'llcc
1157 476 1345 515 aectoyraphi
1374 479 1384 506 l
1416 479 1444 506 ct
1468 478 1485 506 2
1511 476 1740 513 desiderantur,
1769 475 1834 514 filis

185 526 293 556 sericis
315 525 402 556 rubei
424 525 560 564 flavique
582 525 692 556 coloris
715 525 841 556 relictis.
867 545 906 548 —
931 526 991 558 Ed.
1009 526 1161 557 Mammeos
1184 526 1246 557 loco
1269 538 1368 567 snpra
1392 528 1433 558 ad
1456 537 1506 558 w.
1524 528 1585 557 11ίο
1608 527 1702 558 citato
1720 537 1754 565 p.
1771 527 1835 557 ‚207

181 588 230 608 nr.
249 577 289 607 1&
311 588 349 607 εχιτ
376 580 401 608 1.

293 637 343 677 Cf.
368 638 459 677 'infra
482 637 525 668 acl
547 648 576 668 (ι.
595 639 687 667 1326.
711 637 803 668 Febr.
822 639 870 667 17».

289 697 434 733 Bahman
460 697 535 736 qu.
560 697 673 727 Lmlw.
692 707 725 735 μ
743 698 806 726 319
830 707 877 726 vr.
895 697 988 726 2902.

288 783 498 824 &Ludos-icus
521 783 582 814 Dei
616 783 720 823 gratia
751 781 969 812 Romanorum
1001 792 1056 812 rex
1089 792 1218 822 semper
1247 784 1418 822 augustus{{
1506 782 1572 812 viro
1601 782 1770 823 magnifico
1802 785 1834 812 et

182 835 294 865 illustri
323 834 491 865 Kastrucio
521 834 560 864 de
589 833 826 864 Antelminellis
854 832 925 863 duci
956 832 1085 862 Lucano
1118 837 1149 862 et
1181 833 1361 863 vexillifero
1392 833 1530 873 imperii,
1560 844 1615 863 suo
1647 837 1678 864 et
1709 833 1834 874 imperii

181 886 267 917 fideli
293 886 409 916 dilecto
499 886 634 926 gratiam
660 896 748 915 suam
774 888 805 914 et
830 894 924 914 omne
950 884 1077 914 bonum.

293 941 318 968 1.
343 937 445 978 Regie
476 937 678 968 liberalitatis
708 937 879 966 clementia
905 936 934 965 in
965 936 1028 965 suis
1060 935 1206 965 fidelibus
1237 935 1320 965 (lona
1352 936 1565 975 multiplicans
1590 936 1650 966 illis
1681 936 1831 976 precipue

182 990 345 1020 consuevit
368 999 536 1029 assurgere
560 988 650 1029 larga
673 998 779 1026 manu,
804 988 855 1028 qui
882 998 938 1028 per
963 997 1101 1027 pugnam
1126 988 1308 1017 continuam
1334 987 1363 1017 in
1388 986 1524 1017 rebelles
1549 997 1605 1027 pro
1631 987 1832 1017 exaltacione

182 1051 297 1072 corone
322 1041 499 1080 singulares
524 1039 700 1080 triumphos
725 1043 756 1069 et
781 1049 895 1069 nomen
921 1038 1083 1068 laudabile
1107 1042 1179 1068 sunt
1203 1039 1315 1068 sortiti.
1362 1038 1445 1068 Sanc
1470 1048 1542 1068 cum
1572 1039 1728 1068 veraciter
1752 1039 1832 1068 scia-

182 1103 252 1123 mus
277 1092 480 1132 experiencia
498 1091 589 1122 nobis
614 1092 771 1121 existente
796 1091 960 1131 magistra,
985 1094 1017 1120 tc
1042 1090 1228 1130 precipuum
1254 1095 1286 1120 ct
1309 1093 1493 1120 strennuum
1520 1090 1548 1119 in
1574 1090 1716 1129 partibus
1740 1089 1833 1120 Italic

180 1155 237 1185 pro
262 1154 352 1174 sacro
377 1144 511 1184 imperio
536 1143 678 1184 pugilem
703 1143 846 1173 extitisse
871 1142 948 1172 nulli
974 1141 1134 1182 parcendo
1159 1142 1257 1173 oneri,
1283 1141 1424 1181 periculo
1450 1141 1499 1170 vel
1524 1140 1623 1170 labori
1649 1151 1685 1171 ac
1710 1142 1833 1172 iusticia

181 1200 235 1227 tua
252 1199 371 1226 etcum
396 1195 556 1235 probitate
583 1195 681 1225 victos
698 1194 738 1224 de
763 1193 906 1223 hostibus
931 1193 1064 1223 devotos
1089 1203 1145 1234 pro
1170 1193 1305 1233 imperio
1330 1193 1469 1223 tenuisse
1495 1196 1526 1222 et
1550 1192 1660 1222 devios
1689 1192 1834 1222 infideles

181 1247 221 1278 ad
245 1246 341 1277 fidem
367 1247 516 1286 gratiosis
540 1246 662 1276 meritis
686 1246 847 1281 invitasse,
873 1248 1026 1285 tantoque
1051 1245 1152 1284 magis
1177 1243 1343 1284 imperiale
1369 1247 1529 1284 sceptrum
1548 1243 1721 1278 extollitur,
1747 1247 1833 1274 tanto

181 1308 255 1329 cura
279 1298 442 1338 regiminis
466 1308 484 1328 a
508 1296 772 1327 sollicitudinibus
797 1300 828 1326 et
853 1296 1015 1326 laboribus
1039 1297 1210 1329 relevatur,
1235 1299 1353 1336 quanto
1379 1295 1490 1325 fideles
1522 1295 1619 1335 ipsius
1644 1296 1673 1324 in
1703 1295 1833 1325 circuitu

182 1350 308 1390 imperii
332 1349 545 1389 circumspicit
562 1348 734 1389 digniores,
759 1352 790 1378 et
815 1348 854 1378 de.
880 1348 1005 1389 fulgore
1030 1347 1135 1377 throni
1160 1347 1281 1377 cesarei
1306 1347 1402 1377 veluti
1428 1357 1467 1377 ex
1490 1346 1556 1375 sole
1582 1346 1660 1376 radii
1678 1347 1721 1376 sic
1746 1350 1832 1377 certe

182 1401 339 1442 prodeunt
364 1401 546 1441 dignitates,
572 1404 605 1430 111
630 1400 731 1440 prime
756 1400 835 1430 lucis
864 1399 1029 1439 integritas
1053 1399 1201 1429 minorati
1230 1398 1356 1428 luminis
1387 1409 1448 1428 non
1480 1399 1601 1428 senciat
1630 1398 1832 1429 detrimenta.

289 1454 316 1483 2.
341 1451 412 1483 Hac
444 1452 540 1492 igitur
569 1451 830 1481 consideracione
862 1451 1062 1490 commoniti,
1096 1451 1147 1491 qui
1181 1450 1292 1480 celesti
1321 1449 1527 1491 providencia
1552 1449 1688 1479 Romani
1720 1450 1832 1490 imperi

181 1504 384 1534 moderamur
408 1503 549 1533 habenas
573 1514 610 1533 ac
634 1503 703 1532 solii
730 1503 826 1533 nostri
852 1502 948 1533 decus
974 1506 1038 1532 tam
1061 1506 1203 1532 veterum
1222 1501 1431 1542 dignitatu1n³
1449 1501 1610 1531 ornatibus
1627 1501 1833 1531 confovemus

181 1565 276 1596 quam
310 1556 399 1586 novis
434 1554 607 1585 honoribus
637 1554 842 1594 ampliamus.
874 1558 906 1584 ct
935 1554 1079 1584 volentes
1108 1553 1335 1594 premissorum
1367 1552 1501 1582 obtentu
1531 1552 1686 1582 extollere
1717 1563 1832 1583 nomen

182 1610 271 1637 tuum
295 1610 326 1637 et
350 1610 380 1637 te
405 1606 610 1647 prerogativa
637 1606 768 1646 speciali
798 1605 966 1645 magnifice
991 1605 1163 1643 honorare,
1197 1605 1235 1635 (le
1261 1604 1459 1645 plenitudine
1489 1604 1657 1644 potestatis
1682 1614 1722 1633 ex
1747 1608 1833 1634 certa

181 1659 314 1689 scicntia
339 1662 371 1689 et
394 1658 434 1688 de
458 1658 588 1688 consilio
607 1662 784 1688 nostrorum
811 1658 988 1697 principum
1006 1661 1038 1687 ct
1062 1657 1215 1687 baronum
1241 1656 1385 1686 civitates
1404 1656 1499 1687 Luce,
1525 1655 1663 1686 Pistorii.
1690 1654 1832 1685 XVulter-

182 1720 286 1740 rarum
312 1714 343 1740 et
368 1710 458 1740 Lune
483 1720 553 1739 cum
579 1709 725 1739 omnibus
750 1714 781 1739 et
806 1709 938 1749 singulis
962 1708 1087 1743 castris,
1113 1707 1208 1746 villis,
1233 1708 1324 1737 terris
1349 1712 1381 1737 et
1405 1707 1481 1737 locis
1505 1707 1574 1736 sitis
1599 1707 1627 1736 in
1653 1706 1832 1736 diocesibus

181 1761 320 1801 ipsarum
345 1766 377 1791 et
401 1771 472 1791 cum
498 1760 645 1791 omnibus
669 1771 779 1790 earimi
804 1764 836 1791 et
854 1761 1004 1800 cuiusque
1023 1770 1133 1790 earum
1155 1759 1363 1799 pertinentiis,
1390 1759 1556 1789 territoriis
1573 1761 1605 1787 ct
1621 1757 1832 1788 iurisdicioni·

182 1811 239 1842 bus
264 1812 516 1852 quibuscumque
534 1811 574 1842 ad
598 1822 714 1842 nomen
740 1811 853 1842 ducale
872 1811 1074 1852 presentibus
1098 1811 1327 1841 transferentes
1345 1814 1376 1840 ct
1401 1810 1543 1840 volentes
1561 1809 1618 1839 snb
1643 1820 1705 1839 uno
1729 1809 1831 1849 digni-

183 1863 255 1894 tatis
284 1863 439 1894 vocabulo
471 1864 624 1893 contineri
650 1863 784 1893 ducatus
813 1863 963 1893 videlicet
986 1863 1148 1900 Lucanus,
1178 1866 1208 1892 te
1234 1863 1331 1902 ipsius
1357 1862 1490 1892 ducatus
1514 1861 1627 1891 ducem
1653 1865 1684 1891 ct
1708 1861 1831 1891 vexilli—

183 1916 284 1946 ferum
316 1919 456 1945 nostrum
489 1918 520 1945 ct
553 1915 633 1945 sacri
664 1914 801 1945 Romani
833 1915 957 1954 imperii
989 1914 1124 1944 ubilibet
1154 1913 1192 1944 de
1223 1914 1378 1954 premisse
1407 1916 1513 1943 nostre
1539 1913 1706 1953 potcstatis
1731 1911 1832 1952 pleni-

182 1966 289 1997 tudine
308 1970 339 1997 et
356 1967 524 2007 principali
541 1966 756 1997 munificentia
774 1976 1010 2007 promovemus,
1028 1965 1151 1996 eisdem
1168 1965 1378 1998 libertatibus,
1397 1963 1648 1994 iminnnitatilnis
1665 1966 1697 1993 et
1714 1963 1833 1993 iuribus

181 2017 359 2058 predictum
377 2017 527 2048 ducatum
542 2022 629 2048 tuum
647 2017 843 2058 presentium
861 2018 1051 2047 auctoritate
1066 2017 1224 2054 dotantes,
1242 2026 1303 2057 quc
1321 2015 1468 2046 ducalem
1483 2015 1619 2045 deceant
1632 2014 1831 2054 dignitatem.

181 2069 393 2110 Prefatasque
411 2070 555 2099 civitates
573 2072 604 2100 et
627 2069 804 2110 quamlibet
821 2079 930 2099 earum
954 2072 985 2098 et
1002 2079 1112 2098 omnes
1129 2070 1240 2107 terras,
1266 2071 1368 2098 castra
1395 2071 1425 2097 ct
1450 2066 1608 2097 territoria
1633 2068 1728 2106 atquc
1753 2065 1831 2098 loca,

182 2130 243 2161 que
261 2121 291 2150 in
309 2112 491 2151 diocesibus
508 2131 564 2151 seu
581 2120 818 2161 episcopatibus
835 2123 866 2150 et
884 2120 1050 2150 territoriis
1068 2122 1099 2150 et
1116 2119 1316 2159 pertinentiis
1332 2119 1473 2158 ipsarum
1499 2117 1661 2148 civitatum
1680 2120 1711 2148 et
1729 2117 1831 2147 cuius-

180 2171 259 2202 libet
283 2182 393 2202 earum
418 2183 474 2202 scu
498 2173 580 2203 intra
605 2172 741 2202 contines
767 2171 941 2210 dioc-osum,
972 2171 1226 2211 episcopatuum,
1251 2169 1519 2210 pertinenciarum
1545 2172 1576 2199 et
1601 2168 1832 2199 territoriorum

181 2223 376 2263 prefatarum
408 2224 571 2254 civitatum
597 2227 629 2253 et
659 2222 827 2253 cuiuslibet
852 2233 960 2253 earum
986 2223 1044 2253 site
1069 2225 1140 2252 sunt
1164 2233 1220 2252 seu
1244 2222 1314 2261 sita,
1339 2222 1369 2251 in
1398 2224 1588 2262 perpetuum
1614 2219 1671 2250 tibi
1696 2223 1727 2250 et
1751 2219 1830 2259 legi-

182 2275 265 2304 timis
289 2275 525 2305 successoribus
556 2275 616 2304 tuis
641 2285 681 2304 ex
707 2278 737 2304 te
769 2273 1039 2304 descendentibus
1063 2284 1120 2313 per
1143 2273 1261 2303 lineam
1286 2272 1494 2303 masculinam
1519 2282 1559 2301 ex
1585 2274 1671 2302 certa
1695 2270 1830 2300 sciencia

183 2325 303 2358 damus.
328 2325 533 2356 concedimus
557 2330 590 2356 et
613 2325 768 2356 donamus
793 2335 863 2355 cum
889 2325 1036 2355 omnibus
1061 2329 1093 2355 et
1117 2324 1247 2365 singulis
1272 2324 1363 2361 villis,
1389 2323 1512 2362 castris,
1538 2323 1640 2357 terris,
1665 2321 1829 2353 fortiliciis,

183 2376 349 2415 casalibus,
368 2377 505 2410 vasallis.
523 2377 713 2414 hominibus,
731 2375 994 2417 possessionibus,
1020 2376 1203 2414 honoribus,
1229 2375 1347 2412 usibus,
1366 2375 1499 2406 derittis.
1526 2373 1637 2409 feudis,
1663 2373 1829 2413 homagiis,

182 2428 402 2467 patronatibus
426 2428 606 2459 vacantium
625 2432 656 2459 et
680 2439 742 2458 non
767 2429 948 2458 vacantium
973 2427 1181 2458 ecclesiarum
1199 2432 1231 2458 et
1247 2427 1390 2457 locorum
1415 2426 1505 2456 nobis
1523 2429 1554 2455 ct
1579 2424 1712 2465 imperio
1738 2433 1828 2463 spec-

183 2479 322 2509 tantibus
339 2483 370 2510 et
387 2490 458 2510 cum
475 2481 568 2510 terris
585 2480 677 2510 cultis
702 2483 733 2509 et
755 2479 891 2519 incultis,
916 2479 1011 2517 silvis,
1037 2479 1172 2519 pascuis,
1196 2478 1389 2515 nemoribus,
1415 2478 1532 2515 salinis,
1549 2476 1683 2515 balneis,
1700 2474 1828 2515 stagnis.

183 2530 314 2560 lacubus
338 2534 435 2571 atque
460 2531 713 2572 quibuscumque
739 2531 829 2571 aquis
853 2534 885 2561 et
909 2541 1063 2571 aquarum
1088 2529 1289 2562 decursibus,
1314 2528 1518 2567 molendinis,
1544 2527 1686 2568 piscariis
1710 2530 1741 2556 et
1765 2526 1828 2565 pis—

184 2581 369 2619 cationibus,
394 2582 630 2619 venationibus,
659 2582 830 2617 montibus
856 2582 968 2622 planis,
994 2582 1129 2612 vallibus
1153 2584 1185 2611 et
1209 2581 1355 2611 omnibus
1380 2584 1411 2610 et
1435 2579 1564 2619 singulis
1588 2578 1679 2613 locis,
1709 2576 1828 2607 iuribus

185 2636 216 2662 et
238 2633 436 2673 pertinentiis
454 2637 519 2664 tam
542 2634 638 2664 maris
655 2644 750 2674 quam
776 2637 859 2663 terre
883 2633 1080 2673 prefatarum
1099 2633 1273 2665 civitatum,
1298 2636 1453 2662 terrarum
1471 2634 1503 2660 et
1519 2630 1660 2660 locorum
1679 2631 1710 2658 et
1727 2627 1829 2657 cuius-

284 2718 348 2744 362.
377 2720 400 2749 ³)
419 2720 592 2752 dignitatuum
611 2720 634 2744 1.
