2205 3025
300 132 366 163 Ἰ51η)
582 130 675 156 ACTA
698 129 809 155 REGNI
830 129 1012 156 LL‘DEWIOI
1033 129 1078 155 IV.
1100 129 1144 156 ET
1165 125 1349 156 FRID'ERICI
1368 130 1416 156 ΙΙΙ.
1454 130 1527 156 1329.
1565 130 1613 156 Nr.
1627 131 1684 157 604.

305 217 398 252 Quod
428 220 533 247 nostre
564 216 745 246 serenitatis
774 215 931 246 indultum
961 215 1106 246 obtinere
1133 217 1277 247 volumus
1305 220 1336 247 et
1360 217 1483 251 valere.
1512 227 1574 247 non
1603 217 1801 248 obstantibus
1831 219 1956 259 legibus

305 267 417 308 quibus
442 271 489 297 cst
513 270 650 305 cautum,
676 267 828 307 rescripta
847 271 957 297 contra
979 267 1026 297 ius
1044 267 1182 298 ellicitah
1199 278 1262 298 non
1285 268 1424 302 valer-0¹.
1446 268 1607 298 neminem
1632 271 1706 299 ante
1734 272 1875 300 nostram
1900 280 1956 300 ex—

304 318 500 358 peditionem
526 328 680 348 excusare
710 317 837 348 felicem
871 329 907 349 ac
932 318 1008 349 talia
1033 318 1153 349 indulta
1185 330 1246 349 non
1271 319 1378 350 valere
1408 320 1576 360 quominus
1606 319 1725 350 subditi
1752 319 1793 350 ad
1823 331 1956 352 munera

304 369 502 408 teneantur2⁷
527 379 585 399 nec
610 369 753 410 qualibet
770 370 833 399 alia
858 369 931 410 lege
956 380 1017 410 que
1043 370 1115 400 huic
1132 373 1238 401 nostre
1256 371 1453 401 concessioni
1470 371 1501 400 in
1518 370 1624 411 aliquo
1644 371 1798 402 obviaret.
1835 372 1957 407 Quibus

303 420 448 450 omnibus
473 421 502 450 in
528 420 586 450 hac
612 425 703 460 parte
729 431 769 451 cx
793 428 879 451 certa
907 421 1038 451 seientia
1063 421 1264 462 derogamus.

410 473 438 501 2.
470 472 603 511 Insuper
628 482 698 502 cum
724 472 886 502 civitatem
915 472 1074 503 Cremone
1101 474 1368 513 assumpserimus
1394 476 1424 503 et
1449 482 1681 503 assummamus
1706 473 1736 503 in
1760 477 1900 504 nostram
1926 478 1958 505 et

302 523 427 563 imperii
457 534 617 554 cameram
648 523 841 563 specialem.
871 525 1013 564 presenti
1042 524 1160 565 pagina
1190 524 1391 555 declaramus
1415 534 1451 554 ae
1481 523 1587 555 eidem
1610 524 1729 554 civitati
1755 526 1958 556 concedimus

301 577 408 604 nostro
434 578 531 613 motu,
556 578 591 604 ut
615 585 849 615 quemcumque
874 575 914 605 ud
939 575 1061 606 dictam
1089 576 1250 606 civitatem
1275 575 1450 616 regendam
1475 586 1515 605 ex
1543 575 1701 615 imperiali
1725 579 1815 616 parte
1844 587 1956 607 secun-

302 625 390 656 dario
415 625 465 655 vel
494 625 614 656 directe
645 626 727 656 mitti
760 627 900 657 crearive
931 627 1112 667 contingat.
1138 628 1248 658 vicarii
1271 627 1322 658 vel
1352 637 1480 668 quoquo
1510 626 1572 657 alio
1597 627 1724 658 nomine
1748 631 1957 668 nuncupetur,

301 687 428 717 semper
444 677 512 707 eius
529 677 704 708 iurisdictio
723 681 754 708 et
771 679 872 708 omnis
890 681 1033 719 potestas
1050 688 1111 709 sex
1130 679 1286 709 mensium
1304 678 1444 709 curicula
1467 678 1604 715 finiatur7
1630 688 1830 719 quacumque
1855 679 1958 709 forma

300 728 469 759 verborum
494 730 645 770 quavisve
671 730 824 770 temporis
849 729 983 760 laxitate
1009 729 1099 760 dicte
1126 728 1288 772 civitati[s]
1312 730 1456 770 regimen
1482 729 1673 760 conferatur.

677 781 716 811 A.

341 1705 376 1734 In
409 1715 543 1745 quorum
572 1705 787 1734 testiinonium
824 1708 988 1744 presentes
1021 1715 1094 1734 con-

297 1755 392 1786 scribi
417 1760 449 1786 et
479 1755 582 1796 sigillo
608 1756 784 1786 maiestatis
812 1764 918 1786 nostre
951 1757 1100 1786 iussimus

298 1808 496 1837 communiri.

342 1859 414 1889 Dat.
442 1859 558 1899 Papie7
591 1859 745 1899 vigesima
781 1859 882 1899 prima
917 1858 968 1889 die
1007 1858 1099 1895 Iunii,

299 1910 475 1940 indiccione
501 1910 701 1943 duodecima,
730 1921 812 1940 anno
839 1910 967 1940 Domini
996 1911 1099 1940 mille-

298 1961 378 1991 simo
417 1963 641 1992 trecentesimo
679 1962 833 2002 vigesinn)
870 1971 968 1995 nono.
1009 1963 1098 2001 regni

299 2013 396 2042 nostri
421 2023 502 2043 anno
528 2013 776 2053 quintodecimo.
802 2013 928 2052 imperii
946 2023 1020 2043 vero
1048 2023 1097 2043 sc-

299 2063 412 2095 eundo,

401 2702 467 2728 (304.
497 2703 520 2733 ¹*)
541 2704 580 2727 hir:
600 2704 624 2726 in
644 2703 667 2726 L*
686 2711 885 2733 mu111)5(1·‹1111.wn.
906 2704 1071 2735 lnzl‘n'ralom's
1091 2704 1185 2734 incipit.

1076 2754 1102 2785 3)
1124 2753 1164 2785 Cf.
1176 2761 1238 2786 pap.
1254 2757 1303 2779 505}
1322 2757 1375 2779 vot.
1393 2758 1403 2778 1
1423 2757 1447 2778 et
1466 2757 1488 2780 2.

405 2755 428 2785 1)
452 2754 510 2779 Cod.
530 2758 602 2785 1,]1»,
622 2757 638 2778 f.
728 2753 753 2781 2)
775 2752 817 2778 ΙΙι.
837 2758 874 2781 10.
890 2758 930 2783 μ’,
948 2760 970 2779 -.›.

1535 780 1575 811 B.

1200 835 1228 863 3.
1259 833 1363 863 Huius
1387 836 1495 863 autem
1525 835 1632 862 nostre
1656 832 1837 863 serenitatis
1861 833 1957 873 privi-

1157 885 1277 925 legium
1302 885 1477 925 gratiosum
1503 883 1648 914 obtinere
1673 884 1818 914 volumus
1847 886 1879 914 et
1902 894 1957 914 va-

1159 936 1225 966 lere
1264 935 1350 966 nulla
1393 935 1466 976 lege
1506 935 1656 976 nulloque
1694 935 1863 976 privilegio
1901 945 1958 976 per

1156 990 1281 1017 nostros
1305 986 1552 1027 predecessores
1576 987 1734 1016 concessis
1759 986 1958 1017 obstantibus

1155 1038 1208 1068 ulo
1231 1038 1327 1068 modo
1353 1048 1410 1068 nec
1436 1038 1532 1068 etiam
1549 1037 1608 1070 ulis
1624 1037 1730 1068 verbis
1748 1038 1958 1078 derogatoriis

1157 1090 1230 1130 lege
1255 1089 1361 1130 aliqua
1387 1090 1437 1120 vel
1462 1089 1630 1130 privilegio
1648 1089 1755 1130 aliquo
1780 1089 1890 1129 positis
1907 1089 1958 1119 vel

1155 1141 1294 1180 insertis,
1327 1141 1452 1171 etiamsi
1483 1140 1522 1171 de
1553 1141 1629 1181 ipsis
1664 1140 1751 1181 lege,
1789 1140 1956 1181 privilegio

1155 1195 1252 1232 atquc
1282 1192 1386 1222 verbis
1417 1193 1612 1222 mentionem
1642 1192 1693 1222 vel
1721 1192 1957 1232 appositionem

1158 1246 1321 1283 oporteret
1338 1244 1369 1273 in
1393 1243 1454 1274 hoc
1477 1244 1546 1273 fieri
1568 1243 1752 1283 specialem,
1777 1253 1835 1274 nec
1860 1244 1957 1273 etiam

1155 1295 1207 1324 ulo
1232 1294 1304 1325 huic
1322 1300 1428 1325 nostre
1453 1295 1570 1335 pagine
1595 1293 1758 1325 obstaculo
1780 1294 1957 1334 inferendo,

1154 1356 1192 1375 eo
1218 1345 1303 1386 quod
1325 1347 1482 1386 scriptura
1506 1356 1667 1386 purpurea
1691 1355 1753 1375 non
1777 1346 1816 1376 sit
1840 1347 1957 1386 scripta

1155 1407 1213 1426 nec
1250 1398 1331 1427 cocti
1366 1397 1494 1427 muricis
1529 1401 1561 1427 et
1596 1397 1660 1427 triti
1694 1397 1808 1427 cochili
1842 1397 1957 1428 ardore

1155 1448 1280 1489 signata
1309 1459 1366 1479 nec
1392 1449 1548 1489 questoris
1578 1448 1658 1479 sacri
1688 1448 1799 1488 palatii
1823 1452 1956 1479 annota-

1154 1500 1238 1529 tione
1258 1499 1363 1530 valatn.
1388 1504 1442 1530 aut
1470 1500 1577 1540 aliqua
1602 1499 1663 1529 aliu.
1686 1499 1895 1539 solempnitas
1917 1500 1957 1529 sit

1154 1551 1270 1581 omissa
1281 1550 1301 1582 ²³.
1321 1552 1394 1591 quia
1411 1561 1542 1591 presens
1558 1550 1761 1591 privilegium
1779 1560 1815 1581 ac
1832 1550 1957 1590 singula

1153 1602 1184 1632 in
1210 1612 1246 1632 eo
1273 1601 1517 1643 quomodolibet
1541 1601 1773 1642 comprehensa
1803 1612 1843 1632 ex
1868 1604 1956 1632 certa

1153 1654 1285 1683 scientia
1309 1654 1353 1683 sic
1371 1653 1464 1683 scribi
1482 1653 1649 1685 voluimus.
1675 1656 1709 1683 ut
1733 1655 1805 1683 sunt
1828 1653 1954 1693 scripta.

1165 1712 1169 1718 ’
1200 1704 1235 1734 In
1260 1705 1348 1735 cuius
1372 1705 1417 1734 rei
1448 1705 1666 1735 testimonium
1691 1707 1857 1744 presentes
1881 1714 1955 1734 con-

1155 1756 1249 1786 scribi
1273 1766 1309 1786 ae
1335 1758 1442 1785 nostre
1468 1756 1645 1786 maiestatis
1669 1755 1774 1796 sigillo
1805 1759 1835 1786 et
1866 1756 1955 1796 signo

1156 1812 1308 1837 consueto
1333 1807 1481 1837 iussimus
1506 1807 1691 1837 conmuniri.

1198 1858 1317 1889 Datum
1343 1864 1374 1888 et
1398 1862 1504 1888 aetum
1530 1859 1560 1888 in
1585 1859 1712 1888 civitate
1729 1857 1841 1898 Papie,
1867 1858 1956 1897 vige-

1155 1911 1234 1940 simo
1271 1911 1373 1950 primo
1404 1910 1465 1940 die¹
1496 1910 1591 1945 Iunii,
1629 1909 1686 1939 sub
1715 1919 1798 1939 anno
1826 1908 1955 1939 Domini

1156 1962 1324 1992 millesimo
1356 1961 1580 1991 trecentesimo
1606 1961 1761 2001 vigesimo
1786 1970 1878 1998 nono⁷
1907 1961 1954 1989 in-

1155 2013 1228 2043 dict.
1246 2012 1451 2044 duodecima.
1481 2013 1571 2052 regni
1596 2012 1695 2042 nostri
1724 2022 1805 2042 anno
1830 2011 1955 2051 quinto-

1154 2064 1290 2099 decimo,
1316 2065 1441 2104 imperii
1466 2074 1541 2094 vero
1567 2063 1716 2094 seeundo.

1197 2124 1405 2154 presentibus
1434 2123 1553 2153 Iacobo
1584 2123 1622 2154 de
1651 2122 1861 2164 Spanahyffinl
1888 2121 1954 2152 No-

1126 2168 1317 2213 'vm-(iensi)
1358 2175 1526 2215 episcopo,
1562 2174 1659 2205 fratre
1695 2173 1850 2204 Gualtero
1889 2173 1953 2203 Pa-

1987 436 1998 454 5

1978 691 2003 709 10

1979 948 2001 966 15

1977 1205 2002 1224 20

1976 1461 2000 1479 25

1976 1716 2000 1735 30

1975 1973 1998 1991 35

1153 2227 1282 2268 pienlsi)
1313 2227 1480 2266 episcopo,
1514 2225 1678 2256 Friderico
1710 2224 1880 2265 burgi-avio
1914 2223 1953 2254 de
1973 2237 1998 2255 40

1153 2277 1371 2318 Nuremberg.
1403 2277 1566 2308 Ludovico
1592 2277 1672 2307 duce
1697 2276 1737 2307 de
1758 2276 1860 2311 Tech,
1884 2275 1954 2306 Fri-

1158 2329 1264 2359 derico
1300 2329 1415 2359 comite
1452 2329 1491 2359 (le
1524 2328 1714 2368 Ottinghen,
1750 2327 1881 2358 Andrea
1916 2326 1955 2357 de

1154 2380 1312 2415 Brunech,
1337 2380 1502 2410 Anfreono
1524 2379 1655 2420 Spinola
1679 2379 1854 2416 laumensi)
1880 2388 1954 2408 con-

1154 2431 1279 2461 siliariis
1319 2435 1350 2462 et
1389 2431 1568 2462 secretariis
1606 2431 1721 2460 nostris
1761 2429 1885 2460 dilectis
1925 2432 1956 2459 et

1155 2483 1258 2513 Vanni
1284 2482 1322 2512 de
1341 2482 1504 2512 Suxinaua
1525 2482 1565 2512 de
1582 2481 1761 2520 UJaldinis,
1785 2480 1953 2519 Ramengo

1155 2533 1194 2563 de
1224 2532 1340 2563 Casate
1374 2533 1413 2563 de
1438 2533 1622 2563 Mediolano
1655 2535 1687 2562 et
1709 2531 1883 2562 Castellino
1914 2531 1953 2561 de

1155 2584 1313 2614 Beeharia
1338 2583 1377 2614 de
1399 2583 1502 2624 Papia
1527 2583 1661 2614 testibus
1685 2582 1727 2613 ad
1750 2582 1809 2612 hoc
1834 2582 1954 2623 rogatis

1154 2638 1184 2665 et
1210 2635 1391 2675 specialiter
1415 2635 1606 2665 convocatis.

1274 2703 1291 2733 i)
1312 2704 1402 2727 abhinc
1421 2704 1502 2727 artius
1521 2704 1642 2735 scriptum
1662 2703 1692 2727 B.

1974 2493 1998 2511 45
