2205 3025
341 154 400 177 ,Μ
786 143 880 168 ,1111
900 142 1013 168 neem
1035 123 1220 167 1110011101
1236 140 1282 166 iv.
1321 140 1394 167 1330.
1432 140 1552 167 Nr.7os.

340 235 369 263 in
395 235 523 262 mom-ta
552 231 591 261 ad
617 229 839 261 cambiondum
864 228 1028 269 presidere
1054 227 1182 267 (10110111,
1214 227 1373 258 cambium
1405 227 1491 268 apud
1516 228 1601 268 ipsos
1630 226 1810 258 faciendum
1844 230 1987 268 asporta-

341 286 419 314 verit
445 284 492 313 vel
517 282 673 322 asportari
699 280 932 321 111-0001010111,
957 279 1067 310 incidit
1090 279 1120 309 in
1144 289 1261 319 penam
1286 279 1462 320 predictam
1488 279 1639 319 episcopo
1670 282 1701 308 et
1724 279 1908 309 monetariis
1932 290 1988 319 ap-

340 335 531 375 plicandam.
610 333 693 363 Item
722 332 868 362 nolumus
898 331 981 372 quod
1012 331 1125 371 aliquis
1156 330 1236 361 alius
1265 341 1359 371 quam
1393 331 1588 361 monetarius
1618 333 1673 360 aut
1699 330 1867 360 monetarii
1898 329 1989 370 Spire

340 386 497 416 cambium
523 385 619 415 faciat
644 394 699 414 seu
725 383 842 413 faciant
866 392 937 412 cnm
962 381 1104 422 pondere
1130 385 1161 412 et
1185 384 1304 412 statera
1333 385 1387 412 aut
1415 381 1456 412 ad
1481 381 1704 412 cambiendum
1728 380 1890 421 presideat
1913 381 1990 412 alibi

340 448 433 478 qnam
464 436 521 466 sub
551 435 734 466 architectis
762 435 904 474 ipsorum
934 434 1184 463 monetariorum
1213 434 1364 474 antiquis,
1402 436 1434 463 et
1461 434 1486 463 si
1515 433 1584 474 quis
1612 432 1693 463 alius
1720 436 1865 473 repertus
1895 432 1991 463 fuerit

341 488 483 529 predicta
509 487 632 520 fecisse,
658 485 768 516 incidit
791 486 822 515 in
847 495 963 526 penam
989 484 1176 525 predictam.
1246 484 1328 515 Item
1353 485 1522 515 statuimus
1547 488 1578 514 et
1602 484 1747 514 volumus
1772 483 1858 525 quod
1881 494 1991 515 mone-

339 540 419 572 tarii.
445 539 497 580 qui
523 537 685 578 president
709 538 738 567 in
763 540 893 567 moneta
910 536 960 566 vel
984 535 1059 565 alibi
1083 535 1124 566 ad
1149 535 1383 569 cambiendum,
1409 539 1578 566 teneantur
1602 535 1733 576 singulis
1750 539 1887 577 quatuor
1911 539 1991 566 tem-

340 590 468 631 poribus
493 600 599 620 coram
628 589 780 629 magistro
807 591 935 618 monete
960 587 1131 618 iustificare
1161 590 1193 618 et
1217 587 1325 618 facere
1352 588 1528 617 examinari
1553 587 1697 628 pondera
1721 598 1777 617 sua
1802 590 1833 618 et
1857 590 1993 618 stateras

340 646 371 673 et
399 642 552 682 magister
582 644 710 671 monete
743 639 841 670 debet
869 639 928 669 hoc
959 640 1057 679 gratis
1086 639 1202 670 facere.
1278 639 1361 669 Item
1388 639 1534 669 volumus
1564 638 1649 679 quod
1679 639 1832 679 magister
1864 641 1992 669 monete

340 696 486 724 tencatur
510 692 631 723 eisdem
656 691 786 731 singulis
815 694 950 732 quatuor
980 690 1178 730 temporibus
1205 690 1377 721 iustificare
1407 693 1439 720 et
1464 690 1664 729 examinare,
1695 690 1779 730 quod
1800 688 1992 730 'conpetenti

340 750 447 775 tamen
473 744 600 774 sellario
625 743 768 784 pondera
793 746 824 773 et
849 746 984 773 stateras
1001 742 1279 782 apothecariorum
1305 745 1336 772 et
1360 742 1494 772 aliorum
1512 742 1690 772 institorum
1708 752 1992 782 quorumcumque⁷

341 798 392 837 qni
417 796 623 826 mercimonia
647 806 703 825 sua
726 794 868 825 vendunt
892 793 931 824 ad
955 793 1110 834 pondera,
1135 793 1176 824 ad
1199 792 1313 823 libram
1332 792 1483 823 videlicet
1509 796 1540 823 et
1564 796 1728 824 stateram.
1797 793 1879 823 Item
1904 793 1993 824 volu-

340 859 409 878 mus
434 847 518 888 quod
544 847 832 888 quocienscumque
849 845 1003 886 magister
1027 848 1156 876 monete
1174 845 1346 875 convicerit
1363 844 1503 885 aliquem
1527 854 1585 885 per
1610 848 1675 875 tres
1700 847 1798 875 testes
1815 845 1994 886 fidedignos

341 900 390 930 vel
415 900 488 940 quia
512 899 565 929 ille
589 899 753 939 impetitus
777 898 905 937 proprio
931 907 964 928 se
988 897 1125 927 noluerit
1143 899 1325 936 expurgare
1350 896 1540 935 iuramento,
1566 896 1650 937 quod
1675 899 1821 937 tempore
1846 906 1884 927 eo
1909 900 1992 935 tunc,

341 962 411 981 01101
437 950 528 991 Spire
552 960 634 980 nova
658 949 783 979 cuditur
806 951 935 979 moneta
953 948 1157 978 denariorum
1175 947 1384 988 Spirensium.
1410 951 1577 988 argentum
1601 947 1677 978 alibi
1694 947 1874 978 vendiderit
1897 958 1992 988 quam

342 1002 381 1033 ad
406 1005 582 1036 monetam,
608 1002 633 1031 is
657 1002 784 1031 nomine
810 1010 892 1040 pene
917 999 1007 1031 dabit
1030 1010 1125 1030 unam
1150 999 1264 1030 libram
1289 999 1493 1029 (100011010111
1517 999 1713 1040 Spirensium
1740 999 1769 1029 ei
1793 1000 1846 1040 qui
1871 999 1993 1030 emolu-

341 1058 482 1084 mentum
508 1056 636 1083 monete
661 1052 745 1093 quod
771 1052 946 1092 vulgariter
971 1051 1028 1082 der
1051 1050 1291 1091 schlegeschatz
1316 1050 1431 1081 dicitur
1454 1051 1568 1091 recipit
1596 1061 1652 1081 seu
1676 1051 1844 1091 recolligit.
1910 1051 1993 1082 Item

341 1106 507 1135 statuimus
541 1108 572 1135 et
600 1104 745 1134 volumus
774 1103 860 1144 quod
891 1103 1086 1134 monetarius
1114 1106 1289 1133 conventus
1325 1102 1365 1132 ab
1401 1102 1508 1143 aliquo
1542 1112 1649 1133 coram
1683 1103 1836 1143 magistro
1865 1106 1994 1134 monete

342 1167 436 1197 super
461 1156 567 1197 aliquo
593 1155 716 1194 debito,
750 1155 815 1185 sive
846 1155 1036 1185 confiteatur
1060 1154 1204 1185 debitum
1232 1155 1296 1185 sive
1323 1154 1513 1193 diffiteatur,
1547 1155 1572 1184 si
1598 1157 1645 1184 est
1669 1157 1840 1184 contumax
1870 1154 1920 1185 vel
1945 1155 1992 1184 111-

341 1208 505 1245 obediens,
530 1211 562 1238 ut
587 1208 660 1248 quia
684 1210 837 1247 precepto
862 1206 1003 1236 eiusdem
1022 1206 1166 1246 magistri
1190 1205 1231 1236 ad
1255 1209 1320 1236 tres
1336 1205 1513 1246 quindenas
1536 1206 1626 1236 iuxta
1643 1207 1838 1236 sentenciam
1864 1210 1895 1236 et
1919 1217 1992 1247 pro-

341 1260 582 1290 nunciacionem
607 1259 742 1289 aliorum
766 1258 1015 1288 monetariorum
1040 1257 1100 1288 sibi
1124 1257 1240 1288 factam
1267 1268 1328 1288 non
1353 1257 1565 1297 obtemperat7
1591 1260 1663 1287 tunc
1688 1258 1841 1298 magister
1864 1261 1993 1288 monete

342 1311 476 1352 pignora
506 1310 702 1341 contumacis
729 1319 844 1349 capere
874 1309 971 1339 debet
999 1313 1030 1339 et
1062 1309 1188 1339 tradere
1213 1309 1312 1339 actori
1341 1310 1371 1338 in
1397 1309 1544 1338 solutum.
1593 1308 1685 1344 Quod
1710 1309 1735 1338 si
1759 1309 1894 1350 pignora
1918 1309 1994 1340 dare

342 1362 536 1391 recusaverit
560 1365 591 1391 et
614 1361 766 1401 magistro
791 1370 906 1400 capere
931 1361 1050 1391 volenti
1081 1360 1212 1399 resistit,
1246 1364 1363 1390 extunc
1395 1371 1413 1390 a
1441 1360 1509 1390 iure
1540 1363 1571 1389 et
1595 1359 1719 1390 honore
1742 1361 1994 1392 monetariorum

342 1416 373 1443 et
398 1413 538 1453 ipsorum
563 1412 726 1442 consorcio
751 1412 818 1442 sine
843 1422 898 1452 spe
923 1412 1135 1442 restitucionis
1159 1411 1254 1442 cadat
1278 1412 1346 1452 ipso
1372 1411 1467 1441 facto.
1515 1410 1607 1446 Quod
1633 1412 1657 1441 si
1683 1412 1836 1452 magister
1860 1413 1993 1453 pignora

341 1465 535 1494 contumacis
567 1474 624 1504 pro
648 1463 744 1493 modo
774 1463 874 1493 debiti
898 1463 1038 1493 invenire
1067 1474 1128 1493 non
1155 1466 1275 1503 potest,
1306 1468 1378 1493 tunc
1407 1463 1589 1493 convocatis
1618 1463 1688 1493 aliis
1718 1465 1903 1494 monetariis
1931 1474 1993 1494 una

341 1526 413 1546 011111
437 1516 512 1555 ipsis
536 1516 745 1555 pronunciare
770 1514 902 1549 debent,
934 1514 1162 1545 sentenciando
1187 1516 1290 1555 ipsum
1315 1517 1536 1545 contumacem
1561 1514 1713 1544 ammodo
1744 1526 1806 1545 non
1837 1526 1906 1546 esse
1935 1526 1994 1547 nec

342 1578 411 1597 esse
438 1567 556 1597 debere
581 1567 803 1605 monetarium,
830 1571 860 1596 et
884 1567 987 1606 ipsum
1013 1566 1171 1606 repellere
1197 1576 1215 1596 a
1239 1566 1402 1596 consorcio
1428 1565 1601 1596 eorundem
1632 1569 1664 1595 et
1688 1566 1790 1606 ipsum
1821 1566 1860 1597 de
1885 1570 1993 1598 cetero

341 1628 448 1649 coram
473 1618 606 1648 sculteto
632 1618 773 1658 Spirensi
797 1628 889 1658 posse
921 1628 940 1647 a
964 1618 1108 1658 quolibet
1133 1618 1308 1652 conveniri,
1339 1627 1397 1648 1100
1423 1617 1541 1647 debent
1565 1617 1653 1647 illum
1679 1621 1901 1649 contumacem
1925 1630 1993 1650 um-

342 1680 436 1710 quam
461 1669 501 1699 ad
530 1670 668 1709 ipsorum
695 1669 866 1710 collegium
892 1679 1139 1703 reassummere,
1160 1669 1228 1713 'nisi
1253 1669 1340 1709 prius
1364 1669 1491 1699 nomine
1517 1669 1654 1699 emende
1680 1672 1800 1709 prestet
1824 1671 1994 1712 unicuique

342 1732 382 1752 ex
406 1721 591 1751 monetariis
616 1722 757 1762 quinque
783 1720 901 1751 solidos
926 1721 1128 1751 denariorum
1155 1719 1363 1760 Spirensium,
1389 1730 1450 1760 quo
1475 1720 1560 1750 facto
1586 1724 1618 1750 ct
1641 1720 1805 1751 satisfacto
1830 1723 1929 1752 actori
1955 1722 1994 1753 (10

341 1772 449 1803 debito
474 1773 643 1802 restituent
667 1783 739 1802 eum
764 1772 896 1813 pristino
921 1783 977 1802 suo
1006 1772 1075 1802 iuri.
1143 1771 1225 1802 Item
1250 1772 1396 1802 volumus
1426 1771 1509 1812 quod
1540 1772 1694 1812 magister
1720 1776 1848 1804 monete
1878 1773 1994 1804 debeat

310 1823 316 1829 ⁰
342 1825 380 1855 de
405 1834 438 1854 sc
463 1824 730 1864 conspierentibus
754 1834 861 1855 coram
886 1824 1009 1854 seniore
1039 1823 1087 1854 ex'
1104 1824 1288 1854 monetariis
1321 1827 1352 1853 01
1380 1834 1442 1853 11011
1467 1822 1542 1853 alibi
1572 1823 1611 1853 de
1636 1824 1760 1854 iusticia
1788 1824 1994 1864 respondere,

341 1876 393 1916 qui
418 1875 568 1905 videlicet
591 1875 696 1906 senior
720 1875 926 1916 conquerenti
952 1875 990 1905 dc
1016 1875 1168 1915 magistro
1194 1875 1290 1905 faciet
1316 1875 1488 1910 iusticiam,
1520 1875 1648 1915 qualem
1678 1874 1752 1905 facit
1775 1876 1930 1916 magister
1954 1876 1993 1907 de

340 1927 409 1957 aliis
433 1927 627 1957 monetariis.
674 1927 756 1957 Item
774 1927 919 1957 volumus
945 1927 1030 1967 quod
1048 1927 1244 1957 monetarius
1269 1936 1377 1956 coram
1401 1927 1553 1966 magistro
1570 1929 1700 1956 monete
1725 1926 1828 1957 iudice
1852 1928 1993 1967 ipsorum

340 1979 589 2008 monetariorum
607 1982 798 2018 conpetente
823 1979 923 2018 possit
947 1979 1044 2008 alium
1062 1979 1273 2008 monetarium
1299 1988 1356 2018 per
1380 1977 1460 2008 duos
1484 1980 1538 2008 aut
1562 1982 1626 2008 tres
1642 1978 1836 2009 monetarios
1861 1982 1915 2009 aut
1938 1989 1995 2020 per

341 2030 548 2059 instrumenta
573 2029 676 2070 sigillo
702 2030 838 2060 civitatis
863 2030 1020 2070 Spirensis
1044 2029 1184 2070 sigillata
1208 2032 1262 2060 aut
1292 2040 1350 2070 per
1374 2033 1438 2060 tres
1463 2030 1547 2059 cives
1572 2028 1739 2069 Spirenses
1769 2040 1825 2069 per
1855 2030 1993 2061 Schulte-

341 2084 406 2110 tum
432 2080 615 2120 Spirensem
640 2084 695 2111 aut
718 2082 906 2122 magistrum
930 2085 1058 2111 monete
1083 2081 1123 2111 ad
1148 2080 1208 2112 hoc
1232 2081 1262 2111 in
1286 2083 1385 2111 testes
1410 2080 1501 2111 datos
1525 2079 1699 2111 secundum
1724 2081 1995 2112 conswetudinem

342 2132 476 2161 civitatis
501 2131 659 2172 Spirensis
688 2136 719 2163 et
744 2143 804 2162 non
830 2132 899 2163 aliis
923 2132 1170 2173 prohat-ionibus
1195 2131 1411 2174 collvi[11]cere
1436 2142 1531 2173 super
1555 2131 1663 2162 debito
1688 2133 1890 2172 peccuniario
1916 2143 1994 2174 quo-

343 2194 487 2224 cumque.
556 2183 637 2213 Item
663 2184 806 2214 volumus
837 2190 871 2214 ut
900 2185 1096 2215 monetarius
1129 2184 1229 2224 possit
1259 2184 1357 2214 alium
1386 2194 1448 2214 non
1476 2184 1690 2214 monetarium
1720 2185 1908 2215 convincere
1937 2195 1996 2225 per

342 2235 536 2264 monetarios
560 2235 608 2265 vcl
635 2235 713 2265 alios
737 2245 798 2265 11011
823 2237 1016 2266 monetarios
1041 2235 1120 2266 duos
1144 2235 1195 2266 vel
1220 2239 1310 2266 tresm
1334 2235 1514 2276 fidedignos
1538 2235 1623 2265 cives
1647 2234 1813 2275 Spirenses
1839 2236 1930 2266 datos
1954 2236 1995 2266 ad

343 2286 401 2315 1101·
438 2295 495 2325 per
527 2286 696 2316 s‹1·.ultet11nl
733 2285 916 2326 Spirensem
947 2288 977 2317 in
1011 2291 1108 2317 testes
1144 2287 1317 2318 secundum
1352 2286 1623 2318 conswctudinem
1658 2287 1793 2317 civitatis
1826 2287 1993 2327 Spirensis.

343 2337 427 2367 Item
451 2336 595 2366 volumus
620 2337 705 2377 quod
729 2339 896 2368 monetarii
924 2349 985 2368 11011
1010 2339 1131 2378 possint
1155 2339 1299 2369 convinci
1325 2338 1364 2369 de
1389 2338 1496 2379 aliquo
1522 2337 1676 2369 forefacto
1705 2349 1763 2378 per
1792 2338 1871 2369 alios
1900 2349 1994 2379 quam

344 2398 400 2428 per
423 2388 629 2418 monetariam.
656 2392 861 2429 preterquam
887 2399 982 2429 super
1007 2397 1096 2420 reatu
1122 2390 1299 2424 homicidii,
1330 2400 1425 2431 super
1450 2400 1512 2430 quo
1537 2390 1638 2420 eciam
1663 2400 1721 2429 per
1744 2390 1822 2420 alios
1847 2394 1996 2430 poterunt

344 2450 496 2469 collvnlcl.

452 2502 478 2529 5.
515 2499 594 2529 Item
619 2500 763 2529 volumus
789 2507 819 2530 et
845 2500 1048 2530 concedimus
1071 2504 1105 2531 ut
1129 2502 1297 2531 monetarii
1324 2502 1376 2542 qui
1401 2511 1457 2541 pro
1483 2504 1626 2541 tempore
1652 2500 1769 2531 fuerint
1791 2501 1912 2540 possint
1935 2501 1993 2531 sibi

343 2561 537 2581 assummerc
564 2551 593 2580 in
611 2551 713 2580 socios
731 2550 809 2580 alios
826 2561 1043 2592 quoscumque
1069 2553 1202 2592 probate
1228 2556 1336 2582 tamen
1354 2553 1416 2582 vite
1443 2556 1473 2583 et
1498 2553 1630 2582 honeste
1649 2552 1901 2582 conversacionis
1926 2553 1994 2582 exi-

344 2606 463 2632 stentes
501 2606 531 2632 et
565 2602 664 2631 eciam
702 2606 915 2642 quotcumque
944 2603 1101 2633 voluerint
1138 2603 1313 2634 secundum
1351 2604 1512 2644 antiquam
1550 2604 1688 2644 ipsorum
1725 2603 1994 2634 conswetudinem

345 2653 498 2683 hactenus
523 2654 670 2683 continue
695 2653 906 2683 observatam.
954 2654 1014 2688 Qui
1040 2655 1140 2684 eriam
1169 2654 1206 2684 111·
1232 2665 1313 2685 novo
1343 2656 1439 2685 creati
1469 2658 1501 2685 et
1531 2665 1641 2685 eorum
1670 2654 1726 2684 filii
1757 2665 1826 2684 cum
1857 2654 1996 2694 antiquis

451 2750 512 2776 7⁰5.
543 2757 573 2772 ¹¹¹¹
596 2752 629 2776 bis
649 2753 765 2783 swristmm
788 2761 823 2776 os.
915 2756 937 2770 ³¹¹
959 2755 1041 2783 ‹1051ss
1062 2762 1089 2775 ost

2012 701 2037 720 10

2013 960 2038 978 15

2012 1217 2037 1237 20

2013 1474 2036 1493 25

2015 1731 2040 1750 30

2016 1990 2040 2009 35

2015 2246 2040 2264 40

2013 2509 2037 2527 45
