2205 3025
144 683 168 701 10

144 939 167 957 15

146 1194 171 1212 20

148 1450 171 1468 25

150 1707 175 1726 30

151 1962 176 1981 35

153 2219 179 2236 40

156 2473 181 2490 45

454 121 549 148 ACTA
570 120 682 146 REGNI
701 119 886 146 LUDEWICI
906 119 951 145 IV.
972 119 1016 145 ET
1037 119 1219 145 FRIDERICI
1240 119 1287 144 111.
1326 119 1400 144 1328.
1436 118 1483 143 Nr.
1496 118 1555 144 444.
1768 120 1783 131 ‘³
1801 120 1828 127 ’”

1768 123 1806 148 ob
1817 131 1823 148 a

185 212 217 239 et
241 208 459 238 ecclesiastica
475 207 557 245 loca,
582 206 771 246 corrigendi.
797 206 987 246 disponendi
1011 209 1042 236 et
1066 205 1246 236 huiusmodi
1264 208 1415 235 consueta
1431 207 1539 235 cetera
1556 203 1693 234 faciendi
1711 206 1742 234 et
1759 213 1830 233 011111

182 259 344 300 premissis
368 261 548 298 potestates
572 260 604 286 et
627 257 835 287 auctoritates
859 256 1020 297 quaslibet
1044 258 1073 286 in
1098 257 1317 297 suffraganeos
1341 266 1451 286 omnes
1475 256 1678 296 episcopatus
1696 254 1831 295 predicti

183 320 240 351 per
264 309 450 350 episcopum
474 308 584 338 solitas
608 308 761 337 exerceri.

290 362 318 389 2.
354 359 502 399 Amplius
538 358 742 389 concedimus
776 358 903 398 prefato
933 359 1085 399 episcopo
1121 370 1176 389 seu
1210 359 1330 399 pastori
1359 362 1390 389 et
1419 358 1669 388 administratori
1701 357 1829 397 plenam

140 438 142 441 .
184 411 440 452 dispositionem,
472 412 666 450 potestatem
698 412 729 439 et
758 410 982 439 anctoritatem
1008 410 1191 440 conferendi
1218 413 1314 450 atque
1340 410 1484 450 privandi
1508 409 1608 439 offitia
1633 408 1776 449 quelibet
1800 411 1832 438 01

184 462 335 494 benefitia
361 461 577 491 ecclesiastica
595 470 719 490 necnon
736 461 877 500 prelatos
902 464 933 490 et
951 461 1099 491 offitiales
1116 462 1393 495 monastariorum,
1418 460 1622 500 hospitalium
1649 464 1680 490 et
1696 469 1831 499 genera-

183 515 256 545 liter
284 513 425 544 omnium
454 511 587 541 aliorum
620 511 841 551 religiosorum
873 511 1014 541 locorum
1045 516 1109 542 tam
1139 516 1363 552 exemptorum
1393 522 1487 552 quam
1518 522 1579 541 0011
1608 514 1832 550 exemptorum

185 566 332 604 civitatis,
359 563 503 604 dyocesis
528 566 560 593 et
584 562 746 592 districtus
768 562 902 602 predicti
928 573 985 602 pcr
1008 573 1041 593 se
1066 563 1116 593 vel
1134 564 1230 593 alium
1249 563 1472 601 exercendam,
1497 561 1713 602 111-0111001001
1731 562 1834 601 magis

184 616 343 647 videbitur
367 614 531 655 expedire.
556 624 619 644 11011
643 613 844 644 obstantibus
868 614 1037 654 privilegio
1062 614 1112 644 vel
1141 615 1295 654 rescripto
1323 618 1378 644 aut
1406 615 1610 644 concessione
1635 614 1746 653 quavis
1770 612 1833 642 alia

187 667 488 708 quomodocumque
512 666 634 695 vocatis
660 675 717 705 per
740 675 797 695 nos
822 668 876 694 aut
893 665 1139 705 predecessores
1156 669 1279 695 nostros
1304 665 1466 695 Romanos
1488 665 1646 705 principes
1664 664 1714 694 vel
1739 673 1833 704 quos-

186 728 322 759 cumque
347 718 427 748 alios
450 717 572 748 iudices
603 716 837 747 ecclesiasticos
862 720 916 746 aut
940 716 1100 746 seculares
1123 716 1215 746 factis
1239 717 1304 746 sive
1330 717 1486 746 concessis
1512 726 1646 756 persone
1671 714 1833 755 singulari,

186 770 322 810 collegio
354 769 404 799 vel
435 769 621 799 comunitati
653 768 751 798 cuivis
779 768 957 797 comuniter
987 767 1050 797 aud
1081 767 1214 797 divisim.
1262 767 1311 797 [ta
1336 771 1442 797 tamen
1468 767 1553 807 quod
1578 766 1754 796 officiorum
1778 775 1835 795 seu

190 821 403 862 prelationum
429 831 490 860 que
515 830 622 850 curam
648 818 817 849 habuerint
841 818 1018 848 animarum
1043 819 1271 848 institutionem
1296 818 1365 848 fieri
1388 818 1533 848 volumus
1558 828 1614 857 per
1632 817 1833 848 ellectionem

187 873 264 903 cleri
289 876 322 902 et
345 872 448 902 fidelis
466 871 575 912 populi
594 870 698 901 eidem
716 869 850 899 subiecti
868 870 934 899 sive
952 870 1088 902 comissi.
1113 870 1180 899 11110
1199 873 1304 899 tamen
1323 870 1570 899 confirmationis
1587 869 1630 898 sic
1648 868 1835 898 elleetorum

186 923 314 965 prefato
339 923 501 963 episcopo,
526 922 646 963 pastori
672 924 704 951 01
728 920 979 951 administratori
1004 921 1191 960 simpliciter
1216 924 1388 951 reservato.
1435 919 1552 950 Eorum
1579 930 1652 949 vero
1677 924 1742 949 tam
1766 918 1836 948 offi-

187 975 304 1005 tiorum
329 984 425 1014 quam
442 973 668 1004 beneficiorum
694 972 984 1002 ecclesiastieorum
1010 982 1046 1001 ac
1071 972 1211 1001 omnium
1230 971 1453 1012 religiosorum
1475 971 1615 1001 1000111111
1634 969 1837 999 institutionis

187 1036 395 1066 personarum
428 1025 641 1065 ydonearum,
671 1024 856 1064 privationis
886 1027 917 1053 et
947 1023 1192 1062 permutationis
1221 1023 1346 1062 prefato
1376 1023 1542 1062 episeopo,
1574 1022 1692 1062 pastori
1722 1024 1753 1051 et
1780 1020 1836 1050 ad-

187 1076 394 1108 ministratori
419 1076 547 1116 plenam
573 1078 766 1116 potestatem
792 1080 823 1104 et
848 1073 982 1104 liberam
1007 1075 1198 1104 0110101110ῒο
1224 1085 1286 1114 qua
1310 1084 1405 1113 supra
1423 1073 1625 1103 concedimus
1642 1072 1837 1102 facultatem.

186 1139 248 1159 non
267 1127 414 1158 obstante
433 1127 662 1158 consuetudine
681 1127 799 1166 aliqua,
818 1125 985 1165 privilegio
1003 1125 1053 1155 vel
1070 1126 1224 1165 rescripto
1244 1135 1300 1164 per
1316 1135 1509 1165 quemquam
1527 1134 1677 1154 concesso
1696 1122 1839 1162 collegiis

191 1179 349 1220 aliquibus
372 1185 427 1209 aut
450 1179 582 1219 singulis
606 1188 825 1219 personarum,
849 1176 881 1207 id
906 1177 1098 1216 recipientes
1123 1180 1254 1217 propter
1278 1176 1336 1206 hee
1362 1180 1393 1206 et
1418 1186 1568 1216 expresse
1595 1174 1782 1205 mandantes
1808 1197 1813 1202 .
1833 1196 1839 1202 .

190 1231 315 1262 vicariis
339 1231 453 1261 nostris
477 1230 623 1260 omnibus
647 1228 852 1270 generalibus
877 1231 908 1258 et
932 1228 1149 1268 spiritualibus
1174 1232 1205 1258 et
1229 1228 1397 1268 presertim
1418 1228 1534 1257 vicario
1559 1225 1839 1256 0051101ῧο110110.

191 1282 343 1324 potestati
372 1282 422 1312 vel
446 1282 538 1312 alteri
570 1281 872 1322 quomodocumque
897 1281 1059 1310 nominato
1085 1280 1214 1317 rectori,
1248 1280 1374 1310 comuni
1400 1284 1431 1309 01
1455 1278 1576 1308 civibus
1600 1281 1695 1317 atque
1720 1276 1842 1306 incollis

189 1334 337 1371 civitatis,
362 1333 507 1373 dyocesis
533 1336 564 1363 et
588 1333 748 1363 districtus
765 1331 911 1372 predicti,
936 1331 1061 1361 comuni
1081 1331 1238 1371 siquidem
1263 1330 1319 1360 sub
1338 1341 1442 1370 penna
1459 1334 1671 1360 trecentarum
1690 1328 1841 1358 librarum

191 1386 259 1416 auri
276 1388 308 1415 et
327 1384 452 1415 offitiali
471 1384 603 1414 cuilibet
627 1383 684 1413 sub
703 1394 807 1424 penna
825 1383 1043 1414 ducentarum.
1068 1393 1201 1423 quarum
1227 1382 1436 1412 medietatem
1461 1392 1555 1411 unam
1580 1390 1706 1410 camere
1724 1382 1840 1409 nostre.

191 1437 346 1477 reliquam
374 1446 447 1466 vero
474 1436 602 1476 prefato
629 1436 790 1475 episeopo.
823 1435 941 1475 pastori
967 1438 998 1464 ct
1022 1434 1270 1464 administratori
1295 1433 1450 1473 applicari
1476 1432 1635 1465 volumus,
1667 1431 1691 1460 si
1717 1433 1841 1460 contra-

191 1488 309 1519 factum
331 1489 501 1526 exstiterit,
519 1491 552 1517 ut
569 1487 784 1527 supradictum
803 1487 1000 1526 episcopum,
1019 1489 1181 1526 pastorem
1199 1489 1231 1514 et
1246 1485 1536 1515 administratorem
1555 1483 1690 1513 ecclesie
1709 1480 1841 1521 prefate.

192 1540 289 1580 ipsius
314 1539 466 1569 offitiales
491 1539 541 1569 vel
567 1542 790 1578 procuratores
813 1537 874 1567 aud
901 1542 1005 1567 certos
1030 1537 1157 1567 nuntios
1182 1543 1301 1577 ponant
1326 1542 1357 1566 et
1382 1536 1518 1576 positum
1537 1533 1722 1564 deffendant
1746 1536 1842 1572 atque

192 1594 382 1621 conservent
410 1591 440 1620 in
468 1591 563 1631 plena
593 1593 625 1620 et
650 1590 783 1630 pacifica
810 1589 1010 1629 possessione
1036 1588 1259 1618 iurisdictionis
1285 1592 1315 1617 et
1342 1587 1504 1625 regiminis·
1530 1592 1592 1616 tam
1620 1583 1842 1625 temporalium

192 1652 287 1682 quam
309 1642 520 1682 spiritualium
546 1642 685 1672 omnium
712 1641 916 1681 episcopatus
941 1639 1075 1680 predicti
1100 1650 1223 1670 necnon
1249 1644 1279 1669 et
1304 1640 1438 1669 aliarum
1456 1638 1679 1678 promissarum
1706 1634 1842 1665 anctori-

195 1696 295 1723 tatum
321 1692 426 1723 eidem
451 1704 508 1734 per
532 1704 587 1723 nos
611 1693 755 1733 superius
779 1703 1012 1722 concessarum.

305 1748 332 1775 3.
370 1744 527 1775 Volumus
558 1744 709 1784 0011111115,
742 1748 777 1774 111
806 1754 916 1773 omnes
947 1743 1095 1773 ostitiales
1126 1743 1223 1773 nostri
1255 1742 1388 1782 predicti
1414 1749 1445 1771 et
1469 1741 1526 1770 sub
1550 1740 1661 1780 pennis
1686 1737 1846 1779 premissis

197 1796 345 1829 10011005,
377 1807 488 1826 omnes
512 1797 705 1828 censuarios,
737 1795 890 1825 vassallos
915 1799 947 1824 et
972 1794 1185 1824 reddituarios
1210 1794 1412 1834 episcopatus
1437 1792 1571 1832 predicti
1595 1789 1845 1831 ‹piomodotaun-

195 1858 257 1887 que
285 1851 428 1881 vocatos.
462 1848 486 1877 si
511 1848 742 1878 recusaverint.
774 1846 969 1886 compellant
999 1845 1060 1875 aud
1091 1845 1239 1886 compelli
1275 1845 1387 1875 fatiant
1418 1844 1546 1874 realiter
1577 1849 1608 1872 ct
1637 1840 1846 1882 personaliter

197 1899 337 1929 sumarie
363 1902 395 1929 et
418 1898 538 1939 absque
563 1895 697 1939 strepitu
727 1897 832 1927 iudicii
863 1897 903 1927 ad
928 1897 1051 1937 integre
1077 1895 1336 1936 respondendum
1362 1895 1503 1936 predicto
1529 1894 1694 1934 episcopo,
1726 1891 1846 1932 pastori

197 1953 229 1979 et
245 1949 495 1980 administratori
513 1954 567 1981 aut
584 1951 652 1981 eius
666 1950 863 1990 procuratori
883 1949 933 1979 vel
947 1949 1056 1978 nuntio
1075 1948 1113 1978 de
1128 1948 1314 1978 redditibus.
1332 1946 1514 1977 lmnoribus.
1533 1945 1651 1975 iuribus
1669 1947 1700 1974 et
1717 1943 1847 1983 reliquis

196 2001 399 2042 supradictis,
425 2002 557 2032 eosdem
575 2002 767 2039 censuarios,
793 2001 946 2031 vassallos
972 2005 1003 2030 et
1027 2000 1170 2030 subditos
1191 2010 1300 2030 omnes
1319 1999 1453 2030 ecclesie
1471 1996 1652 2037 supradicte
1670 1995 1709 2024 ad
1727 2004 1847 2035 pennas

196 2053 380 2092 premissas.
398 2054 424 2083 si
442 2053 580 2084 rebelles
598 2054 786 2086 exstiterint,
806 2056 916 2082 tenore
935 2052 1131 2092 presentium
1151 2051 1342 2091 obligantes.
1370 2049 1536 2080 Prodictas
1554 2058 1628 2077 vero
1647 2056 1766 2087 pennas
1783 2046 1847 2075 iam

197 2103 297 2134 dictos
316 2104 479 2138 vicarium.
505 2108 711 2144 potestatem,
737 2104 898 2141 ot‘fitiales,
924 2114 1068 2141 comune,
1094 2103 1179 2132 cives
1204 2106 1236 2132 et
1260 2102 1391 2131 incollos
1413 2101 1507 2130 etiam
1527 2098 1667 2138 singulos
1684 2097 1848 2127 venientes

199 2154 350 2185 adversus
375 2155 434 2186 hec
459 2160 566 2186 nostra
590 2156 742 2186 mandata
767 2155 829 2185 aud
855 2156 885 2184 in
910 2155 985 2194 ipsis
1010 2154 1242 2194 impedimenta
1260 2156 1438 2193 prestantes
1464 2151 1578 2181 totiens
1603 2152 1634 2179 et
1658 2149 1688 2178 in
1713 2147 1847 2177 solidmu

200 2206 358 2236 incurrere
387 2207 533 2237 volumus
564 2212 595 2237 et
620 2208 659 2237 ab
690 2208 767 2247 ipsis
792 2207 887 2246 exigi,
921 2206 1067 2246 quotiens
1100 2206 1131 2235 in
1162 2205 1323 2245 premissis
1353 2211 1384 2233 et
1408 2203 1447 2233 de
1473 2202 1633 2242 premissis
1659 2210 1715 2240 per
1739 2208 1847 2239 supra—

199 2257 318 2287 dictum
345 2258 542 2298 episcopum.
568 2262 728 2298 pastorem
755 2261 786 2288 et
809 2257 1101 2287 administratorem
1126 2256 1176 2286 1οΙ
1194 2256 1260 2286 eius
1278 2259 1499 2296 procuratores
1524 2252 1585 2283 aud
1604 2255 1707 2282 certos
1725 2250 1849 2280 nuntios

200 2309 341 2348 requisiti
366 2310 568 2349 reperientur
593 2309 824 2340 inobedientes.
849 2308 1056 2338 adversantes
1080 2311 1135 2337 aut
1159 2307 1252 2337 aliter
1276 2306 1485 2346 negligentes.

309 2362 336 2389 4.
362 2359 521 2390 Volumus
539 2372 661 2391 rursum
680 2365 711 2391 et
729 2370 882 2400 expresse
900 2359 1094 2400 precipimus
1111 2359 1168 2388 sub
1186 2358 1298 2399 pennis
1324 2357 1485 2398 premissis
1510 2360 1540 2386 et
1565 2354 1659 2384 modo
1684 2353 1848 2393 premisso.

199 2414 234 2440 ut
258 2410 361 2440 nullus
391 2412 547 2452 princeps.
577 2413 765 2445 comunitas,
792 2411 936 2441 vicarius.
969 2411 1108 2440 ot'titialis
1138 2414 1192 2439 aut
1220 2409 1317 2439 iudex
1342 2407 1584 2448 quomodolibet
1608 2404 1776 2445 appelatus
1800 2402 1849 2432 vel

201 2462 263 2491 alia
298 2462 468 2502 singularis
500 2474 652 2504 persona.
684 2464 910 2503 cuiuscumque
940 2461 1128 2492 conditionis
1161 2462 1291 2492 existat.
1320 2461 1349 2489 in
1382 2459 1501 2489 elerum
1532 2467 1586 2487 seu
1618 2454 1850 2485 ecclesiasticas

201 2512 252 2542 vel
276 2513 444 2553 religiosas
472 2524 625 2554 personas
653 2518 708 2544 aut
737 2515 769 2543 in
798 2514 938 2554 ipsorum
970 2512 1106 2552 collegia
1137 2512 1186 2541 vel
1212 2511 1429 2551 possessiones
1458 2513 1512 2539 aut
1537 2508 1620 2537 bona
1645 2507 1690 2535 ius
1715 2504 1849 2534 10041010

202 2573 258 2593 seu
283 2563 389 2593 dicere
414 2564 532 2595 audeat
557 2565 608 2595 vel
633 2566 761 2595 inantea
786 2565 825 2594 de
843 2564 1032 2594 auctoritate
1051 2563 1155 2603 aliqua
1181 2563 1231 2592 vel
1249 2561 1465 2592 iurisdictione
1483 2559 1636 2600 premissa.
1654 2556 1849 2586 clericorum.

202 2614 439 2654 religiosorum,
476 2617 697 2648 ecclesiarum,
734 2615 1000 2645 monastariormn
1036 2625 1092 2644 seu
1129 2613 1338 2653 collegiorum
1374 2612 1422 2641 vel
1459 2610 1592 2640 aliorum
1630 2607 1849 2644 religiosorum

203 2665 343 2696 locorum
369 2670 593 2706 exemptorum
618 2667 667 2697 vel
689 2678 750 2697 non
770 2670 994 2706 exemptor-um
1020 2665 1154 2695 ecclesie
1172 2664 1369 2694 Ferrariensi
1387 2662 1600 2692 subiectorum
1619 2668 1652 2688 se
1670 2656 1851 2696 aliqualiter

160 2727 189 2745 50
208 2716 392 2747 intromittit.
440 2717 496 2749 Set
526 2718 704 2758 predictum
729 2719 930 2758 episcopum,
962 2720 1123 2756 pastorem
1155 2721 1186 2746 et
1210 2715 1499 2745 administratorem
1525 2711 1587 2741 aud
1612 2710 1679 2739 cius
1704 2707 1850 2736 offitiales
