2205 3025
328 141 390 168 57⁴3
730 132 824 158 ACTA
845 130 955 156 REGN]
978 129 1160 156 LUDEWICI
1181 122 1226 155 1V'.
1266 128 1340 155 1330.
1378 128 1424 154 Nr.
1438 129 1496 155 678.
1515 128 1574 155 679.

435 220 596 260 Episcopo
621 218 856 259 Argentinensi.

437 271 532 306 Quia,
568 271 648 301 sicut
680 270 804 299 noviter
832 268 1062 305 intelleximus,
1096 266 1278 297 Ludovicus
1309 266 1385 297 olim
1408 267 1546 297 Bavarie
1577 265 1641 296 dux
1672 268 1703 296 et
1732 266 1919 297 discorditer
1947 267 1979 297 in

327 334 437 361 regem
463 322 681 352 Romanorum
706 320 827 351 electus
851 320 979 360 suisque
1006 318 1172 349 demeritis
1196 318 1400 359 exigentibus
1424 321 1559 358 utroque
1584 318 1707 348 scilicet
1730 318 1812 357 iure,
1840 318 1866 348 si
1894 318 1979 359 quod

328 362 386 403 sibi
418 384 457 404 ex
489 373 645 403 electione
677 371 813 402 discordi
845 370 1026 401 huiusmodi
1055 369 1095 400 ad
1128 379 1262 410 regnum
1295 369 1539 407 Roman(orum)
1570 369 1621 399 vel
1650 369 1820 409 imperium
1848 368 1980 400 forsitan

329 424 549 465 competebat,
580 433 703 454 necnon
733 423 848 452 ducatu
877 421 1022 462 predicto
1054 424 1085 451 et
1110 420 1256 451 omnibus
1280 420 1456 461 privilegiis
1486 420 1670 460 apostolicis
1699 423 1731 451 et
1760 420 1980 460 imperialibus
2011 432 2024 450 5

328 488 363 506 uc
390 476 494 508 bonis,
520 474 622 505 feudis
651 478 682 504 et
711 473 844 511 iuribus,
875 484 936 514 que
966 484 984 504 a
1007 473 1154 503 Romana
1178 471 1228 502 vel
1259 472 1454 512 quibuslibet
1486 472 1556 502 aliis
1585 471 1729 502 ecclesiis
1761 482 1817 503 seu
1845 473 1980 513 imperio

329 526 501 566 obtinebat,
526 527 607 556 iusto
632 525 773 566 privatus
796 524 913 555 iudicio
938 528 970 555 et
994 524 1033 555 de
1059 524 1197 554 fautoria
1221 523 1437 554 hereticorum
1461 534 1497 554 ae
1514 523 1619 554 heresi
1643 526 1676 554 et
1691 523 1838 554 scismate
1856 526 1982 554 senten-

328 579 451 609 cialiter
482 581 514 608 et
544 576 671 618 publice
705 576 971 616 condempnatus,
1009 575 1079 605 aliis
1107 575 1197 616 penis
1226 574 1442 615 spiritualibus
1474 578 1506 604 et
1539 574 1770 615 temporalibus
1799 575 1893 605 variis
1925 585 1982 614 per

328 629 470 659 diversos
494 638 671 669 processus,
707 628 886 658 sentencias
922 630 954 658 et
983 627 1230 657 constituciones
1265 626 1391 656 inflictis
1423 625 1645 656 nichilominus
1674 626 1823 666 exigente
1857 626 1982 656 iusticia

328 684 437 711 contra
462 680 568 718 eum‘,
592 679 631 710 ad
657 682 764 720 partes
781 679 951 709 Alanianie
976 689 1009 709 se
1035 678 1180 709 conferre
1205 688 1261 709 seu
1285 677 1357 708 illuc
1381 687 1454 708 suos
1479 677 1640 708 destinare
1658 676 1821 716 officiales,
1846 677 1981 708 vicarios
2000 689 2025 707 ιο

329 736 360 763 et
385 732 544 762 ministros
569 731 721 771 disponit,
745 734 780 761 nt
803 731 866 760 suis
891 729 1051 761 erroribus
1080 733 1112 760 et
1135 729 1300 760 heresibus
1330 729 1443 759 fideles
1475 729 1616 769 parcium
1648 728 1823 759 earundem
1852 729 1981 760 inficere

328 794 365 813 ac
389 794 498 814 corum
524 783 670 812 exaurire
696 785 727 812 et
752 782 906 812 devorare
931 781 1129 812 substancias
1146 780 1262 817 valeat,
1288 781 1368 811 sicut
1392 780 1476 811 bona
1493 783 1524 810 et
1548 779 1746 810 substancias
1769 779 1907 819 illorum,
1932 781 1984 821 qui

328 834 388 865 sibi
406 834 616 864 obediverunt
632 834 662 864 in
680 833 824 874 partibus
837 833 940 870 Italie,
957 832 1133 871 devoravit,
1150 833 1235 873 ipsos
1247 832 1288 863 ad
1306 835 1393 862 tante
1409 832 1610 873 paupertatis
1625 831 1765 872 inopiam
1784 831 1984 871 deducendo,

329 886 413 927 quod
431 886 483 915 vix
509 886 610 915 eciam
635 896 693 926 per
710 885 795 925 longi
815 888 950 915 tractum
969 884 1122 925 temporis
1138 883 1265 914 adicere
1290 886 1440 924 poterunt
1464 886 1498 913 ut
1522 883 1718 924 resurgant2,
1743 886 1875 923 propter
1900 883 1984 924 quod

328 948 438 968 eorum
463 937 605 967 nonnulli
622 937 720 977 ipsius
736 936 892 967 Ludovici
916 936 991 976 iugo
1016 936 1180 976 tyrannico
1198 935 1357 966 servitutis
1375 945 1509 965 excusso
1534 934 1574 964 ad
1592 934 1802 965 devocionem
1819 935 1984 965 redierunt
2002 946 2027 964 ιε»

330 989 464 1019 ecclesie
490 992 521 1019 et
544 988 649 1018 redire
675 998 770 1029 quam
795 987 902 1028 plures
926 987 980 1017 alii
1005 998 1038 1017 se
1064 987 1250 1027 disponunt,
1281 997 1338 1017 nos
1362 987 1528 1027 cupientes
1557 986 1642 1027 quod
1667 986 1719 1016 dil.
1745 986 1787 1017 fil.
1812 987 1897 1017 cives
1921 987 1982 1018 Ar-

328 1040 533 1080 gentinenses
563 1040 681 1080 aliique
711 1039 822 1069 fideles
851 1042 976 1070 tuarum
1005 1039 1142 1069 civitatis
1174 1041 1206 1069 et
1234 1037 1370 1068 diocesis
1402 1038 1580 1068 animarum
1611 1047 1740 1068 suarum
1771 1038 1922 1078 periculis
1952 1041 1985 1069 et

330 1102 435 1122 rerum
459 1091 634 1131 dispendiis
659 1101 832 1131 precavere
862 1090 1011 1121 studeant
1038 1091 1068 1120 in
1093 1090 1152 1120 hac
1183 1093 1290 1131 parte,
1320 1088 1454 1130 prefatis
1484 1088 1606 1119 civibus
1637 1089 1759 1119 litteras
1788 1099 1884 1130 super
1912 1088 1983 1128 hiis,

329 1143 410 1173 sicut
434 1144 464 1172 in
490 1143 534 1172 eis
559 1142 673 1173 intueri
697 1142 821 1182 plenius
846 1143 979 1182 poteriS,
1006 1142 1170 1183 dirigimus
1195 1145 1367 1182 oportunas
1377 1141 1397 1171 ³.
1452 1140 1608 1176 Quocirca
1638 1140 1871 1171 fraternitatem
1896 1144 1982 1171 tuam

329 1194 519 1235 requirimus
543 1197 575 1224 et
599 1194 629 1223 in
654 1193 791 1223 Domino
816 1194 973 1223 attencius
998 1193 1215 1231 exhortamur,
1240 1193 1388 1233 quatinus
1412 1196 1476 1222 tam
1502 1192 1624 1223 eisdem
1649 1192 1769 1222 civibus
1793 1202 1889 1233 quam
1913 1191 1983 1222 aliis
2003 1202 2028 1221 20

329 1249 454 1275 tuarum
487 1245 622 1275 civitatis
652 1248 683 1275 ct
708 1244 844 1275 diocesis
868 1244 1029 1284 fidelibus,
1060 1244 1099 1275 de
1124 1244 1238 1285 quibus
1263 1247 1315 1274 tue
1341 1244 1619 1284 circumspectioni
1643 1243 1816 1283 videbitur,
1841 1244 1984 1284 pericula

330 1295 511 1326 huiusmodi
534 1306 656 1326 necnon
681 1306 781 1336 penas
805 1296 918 1329 varias,
944 1295 1058 1336 quibus
1082 1296 1106 1325 si
1132 1295 1216 1326 dicto
1238 1295 1402 1326 Ludovico
1427 1295 1570 1325 heretico
1596 1298 1626 1325 et
1650 1295 1829 1325 scismatico
1854 1296 1983 1336 suisque

331 1346 521 1388 sequacibus
546 1350 577 1377 et
601 1347 809 1387 complicibus
834 1347 977 1378 faverent
1001 1350 1056 1378 aut
1079 1347 1272 1378 adhererent
1296 1357 1352 1376 seu
1376 1350 1578 1386 receptarent
1603 1346 1745 1382 eosdem,
1770 1356 1803 1376 se
1829 1346 1983 1387 dampna-

331 1398 438 1429 biliter
462 1398 675 1436 involverent,
707 1408 868 1438 exponere
900 1409 963 1428 non
993 1399 1157 1437 omittens,
1188 1399 1275 1438 ipsos
1305 1398 1345 1428 ad
1375 1397 1489 1428 eadem
1519 1397 1693 1428 devitanda
1724 1397 1866 1437 pericula
1894 1399 1984 1428 iuxta

331 1449 439 1480 datam
465 1449 522 1480 tibi
547 1461 564 1480 a
588 1450 657 1480 Deo
682 1449 888 1490 prudenciam
913 1450 1063 1480 inducere
1088 1450 1217 1481 studeas
1242 1449 1421 1490 diligenter,
1445 1449 1489 1479 ita
1513 1448 1599 1489 quod
1623 1452 1731 1489 preter
1754 1449 1867 1489 premii
1891 1449 1982 1479 retri-
2003 1460 2027 1479 25

332 1501 501 1531 bucionem
527 1502 628 1531 eterni
653 1504 791 1531 nostram
818 1505 849 1532 et
873 1501 1048 1542 apostolice
1073 1501 1158 1532 sedis
1181 1501 1322 1541 graciam
1346 1500 1474 1531 uberius
1498 1501 1660 1535 merearis

440 1552 513 1582 Dat.
538 1553 733 1590 Avinionte),
758 1552 848 1583 XVI.
867 1553 938 1583 Kal.
963 1552 1128 1591 Fcb1·uar.,
1154 1564 1235 1583 anno
1261 1552 1511 1593 quartodecimo.

439 1620 479 1650 In
505 1631 532 1652 e.
556 1631 596 1650 m.
623 1645 653 1651 ..
679 1621 921 1661 archiepiscopo
946 1621 1128 1652 Coloniensi
1153 1620 1281 1651 verbis
1305 1623 1570 1661 competenter
1594 1621 1753 1650 mutatis
1778 1623 1815 1650 et
1838 1619 1981 1650 addito:

333 1676 456 1702 tuarum
483 1672 628 1711 civitatis,
654 1672 789 1702 diocesis
814 1676 846 1703 et
871 1673 1042 1713 provincie.
1160 1707 1164 1713 .

438 1722 557 1753 Datum
582 1726 616 1753 ut
639 1734 743 1764 supra.
2003 1734 2028 1753 30

438 1787 479 1816 In
505 1797 530 1817 e.
548 1798 590 1818 m.
616 1811 620 1817 .
641 1812 646 1816 .
673 1788 831 1827 episcolius
849 1786 1099 1827 Constanciensi,
1124 1786 1303 1823 Basiliensi,
1328 1786 1590 1827 archiepiescopo
1608 1786 1855 1827 Maguntinensi,
1880 1787 1983 1818 archi·

332 1839 486 1879 episcopo
511 1838 744 1879 Salzburgcnsi.

437 1890 556 1920 Datum
581 1893 615 1919 ut
639 1900 742 1930 supra.

443 1995 528 2030 679.
558 1995 712 2030 Litterae
741 1996 787 2029 od
809 1997 1043 2040 praepositum
1073 1994 1190 2030 Sancti
1218 1995 1370 2029 Severini
1397 1994 1614 2029 Coloniensis.
1720 1995 1875 2030 Ian-17.

449 2068 544 2106 (solnm
562 2075 614 2106 (pc.)
633 2068 745 2099 'ibidem
770 2072 839 2099 tom.
857 2068 952 2098 11511
973 2067 1028 2107 fol.
1048 2068 1109 2098 102
1131 2079 1180 2099 mn
1199 2070 1291 2099 1916.
1338 2067 1574 2107 Descripsimus
1595 2069 1681 2099 72034.
1707 2086 1744 2090 —
1770 2067 1938 2099 Ill-editum.
2002 2085 2028 2104 35

440 2144 643 2184 Hcydenrisni
668 2146 831 2186 preposito
858 2146 992 2176 ecclesie
1017 2145 1131 2176 Sancti>
1150 2144 1343 2187 Severi[ni]a
1366 2144 1607 2185 Colonien(sis).

440 2195 521 2230 Quia
546 2196 625 2226 sicut
650 2200 682 2226 et
706 2200 764 2226 cet.
791 2200 827 2226 nt
852 2207 963 2237 supra
993 2207 1109 2237 usque
1141 2197 1343 2237 disponunt5,
1376 2207 1433 2226 nos
1457 2197 1621 2237 cupientes
1645 2195 1729 2236 quod
1755 2195 1807 2226 dil.
1832 2196 1874 2227 fil.
1900 2197 1985 2227 cives

333 2246 555 2284 (solonienssis)
581 2248 698 2287 aliique
722 2247 835 2278 fideles
860 2258 969 2278 earum
993 2248 1135 2288 parcium
1160 2249 1337 2278 animarum
1355 2258 1483 2279 suarum
1501 2247 1649 2288 periculis
1673 2252 1705 2278 et
1728 2257 1833 2278 rerum
1859 2248 1984 2288 dispen-

334 2298 392 2327 diis
424 2308 594 2338 precavere
626 2299 775 2329 studeant
805 2300 834 2329 iu
865 2299 924 2329 hac
957 2303 1062 2339 parte,
1096 2299 1170 2330 inde
1199 2300 1321 2330 litteras
1350 2302 1475 2330 nostras
1505 2298 1637 2339 prefatis
1669 2298 1788 2328 civibus
1819 2298 1984 2339 dirigimus

335 2349 536 2389 oportunasss.
563 2349 602 2379 Et
620 2350 841 2380 nichilominus
855 2351 1071 2381 venerabilem
1091 2351 1220 2381 fratrem
1238 2354 1380 2381 nostrum
1399 2375 1423 2381 ..
1442 2350 1717 2390 archiepiscopum
1733 2350 1983 2389 Colonien(sem)
2003 2366 2031 2385 40

334 2411 391 2441 per
414 2400 493 2430 alias
518 2400 638 2430 litteras
663 2401 900 2439 ‹=xh‹›1·tan1u1·⁶,
924 2405 959 2432 ut
982 2406 1047 2432 tam
1072 2402 1148 2442 ipsis
1172 2413 1266 2443 quam
1291 2402 1361 2432 aliis
1385 2402 1528 2442 parcium
1546 2402 1686 2442 ipsarum
1710 2401 1858 2432 fidelibus
1875 2401 1982 2432 huius-

334 2452 418 2481 modi
445 2452 584 2491 pericula
609 2461 728 2482 necnon
754 2463 853 2493 penas
877 2453 955 2483 alias
972 2454 1085 2492 varias,
1110 2453 1225 2494 quibus
1249 2454 1273 2484 si
1300 2454 1383 2484 dicto
1402 2453 1565 2484 Ludovico
1589 2453 1732 2483 heretico
1757 2457 1789 2484 et
1805 2453 1982 2484 scismatico

334 2503 461 2543 suisque
493 2503 681 2543 sequacibus
714 2506 745 2533 et
784 2503 990 2544 c‹1›1nplicibus
1020 2504 1179 2543 faverent,
1214 2505 1409 2535 adhererent
1442 2507 1496 2534 aut
1535 2507 1738 2544 receptarent
1773 2503 1913 2543 eosdem,
1950 2514 1983 2535 se

438 2586 503 2613 679.
531 2588 553 2618 ⁸)
573 2589 659 2612 Severi
680 2598 699 2611 c.

439 2656 463 2685 1)
491 2655 531 2686 Cf.
552 2658 628 2679 nora<
647 2664 729 2687 supra
747 2664 808 2687 pay.
824 2659 918 2687 470⁵>sp
942 2664 981 2682 nr.
999 2660 1045 2681 575
1065 2665 1123 2688 cup.
1140 2662 1150 2682 1
1170 2657 1285 2683 additus,
1382 2658 1408 2690 2)
1434 2657 1478 2683 Ρς,
1494 2662 1534 2689 40,
1548 2661 1564 2683 δ’
1582 2657 1696 2689 saepius.
1793 2655 1819 2689 3)
1845 2656 1885 2687 Cf.
1908 2655 1983 2687 iufra
2002 2667 2030 2685 45>

338 2706 376 2723 ην,
392 2702 449 2724 νῖδίι,
512 2699 538 2729 44)
561 2698 600 2729 (j's',
622 2698 721 2724 Ii’iaeczlcr
740 2698 755 2723 J.
770 2706 790 2723 (1
809 2706 834 2730 7).
850 2702 900 2723 4557
916 2706 956 2724 w:
974 2702 1034 2724 1240
1054 2702 1105 2724 not.
1121 2703 1148 2726 2,-
1167 2699 1318 2724 Swwrlzmd
1336 2700 1351 2725 I.
1366 2708 1386 2726 c.
1402 2700 1503 2732 117304
1523 2700 1559 2725 ad
1577 2708 1617 2726 nr,
1633 2704 1703 2726 15:2¹6.
1765 2700 1791 2731 5)
1810 2699 1899 2731 Supra
1917 2698 1933 2725 l.
1945 2702 1982 2724 16.

336 2742 361 2765 ij»
382 2740 471 2773 Supra
490 2748 531 2766 φιν.
545 2744 599 2767 675.
