<?xml version="1.0" encoding="UTF-8"?>
<!DOCTYPE html PUBLIC "-//W3C//DTD XHTML 1.0 Transitional//EN"
    "http://www.w3.org/TR/xhtml1/DTD/xhtml1-transitional.dtd">
<html xmlns="http://www.w3.org/1999/xhtml" xml:lang="en" lang="en">
 <head>
  <title>
</title>
<meta http-equiv="Content-Type" content="text/html;charset=utf-8" />
  <meta name='ocr-system' content='tesseract 3.04.00' />
  <meta name='ocr-capabilities' content='ocr_page ocr_carea ocr_par ocr_line ocrx_word'/>
</head>
<body>
  <div class='ocr_page' id='page_1' title='image "./monumentagermani0601geseuoft/monumentagermani0601geseuoft_0275.png"; bbox 0 0 2205 3025; ppageno 0'>
   <div class='ocr_carea' id='block_1_1' title="bbox 0 753 3 2086">
    <p class='ocr_par' dir='ltr' id='par_1_1' title="bbox 0 753 3 2086">
     <span class='ocr_line' id='line_1_1' title="bbox 0 753 3 2086; baseline 0 0"><span class='ocrx_word' id='word_1_1' title='bbox 0 753 3 2086; x_wconf 95' lang='lat' dir='ltr'> </span> 
     </span>
    </p>
   </div>
   <div class='ocr_carea' id='block_1_2' title="bbox 143 659 170 677">
    <p class='ocr_par' dir='ltr' id='par_1_2' title="bbox 143 659 170 677">
     <span class='ocr_line' id='line_1_2' title="bbox 143 659 170 677; baseline 0 0"><span class='ocrx_word' id='word_1_2' title='bbox 143 659 170 677; x_wconf 80' lang='lat'>10</span> 
     </span>
    </p>
   </div>
   <div class='ocr_carea' id='block_1_3' title="bbox 143 911 169 930">
    <p class='ocr_par' dir='ltr' id='par_1_3' title="bbox 143 911 169 930">
     <span class='ocr_line' id='line_1_3' title="bbox 143 911 169 930; baseline -0.038 0"><span class='ocrx_word' id='word_1_3' title='bbox 143 911 169 930; x_wconf 78' lang='lat'>15</span> 
     </span>
    </p>
   </div>
   <div class='ocr_carea' id='block_1_4' title="bbox 146 1169 171 1188">
    <p class='ocr_par' dir='ltr' id='par_1_4' title="bbox 146 1169 171 1188">
     <span class='ocr_line' id='line_1_4' title="bbox 146 1169 171 1188; baseline -0.08 0"><span class='ocrx_word' id='word_1_4' title='bbox 146 1169 171 1188; x_wconf 79' lang='grc'>20</span> 
     </span>
    </p>
   </div>
   <div class='ocr_carea' id='block_1_5' title="bbox 147 1425 170 1443">
    <p class='ocr_par' dir='ltr' id='par_1_5' title="bbox 147 1425 170 1443">
     <span class='ocr_line' id='line_1_5' title="bbox 147 1425 170 1443; baseline 0 0"><span class='ocrx_word' id='word_1_5' title='bbox 147 1425 170 1443; x_wconf 78' lang='grc'>25</span> 
     </span>
    </p>
   </div>
   <div class='ocr_carea' id='block_1_6' title="bbox 137 1939 170 1958">
    <p class='ocr_par' dir='ltr' id='par_1_6' title="bbox 137 1939 170 1958">
     <span class='ocr_line' id='line_1_6' title="bbox 137 1939 170 1958; baseline -0.03 0"><span class='ocrx_word' id='word_1_6' title='bbox 137 1939 170 1958; x_wconf 29' lang='lat'>⁷35</span> 
     </span>
    </p>
   </div>
   <div class='ocr_carea' id='block_1_7' title="bbox 149 2196 174 2214">
    <p class='ocr_par' dir='ltr' id='par_1_7' title="bbox 149 2196 174 2214">
     <span class='ocr_line' id='line_1_7' title="bbox 149 2196 174 2214; baseline 0 0"><span class='ocrx_word' id='word_1_7' title='bbox 149 2196 174 2214; x_wconf 67' lang='lat'>40</span> 
     </span>
    </p>
   </div>
   <div class='ocr_carea' id='block_1_8' title="bbox 150 2455 173 2472">
    <p class='ocr_par' dir='ltr' id='par_1_8' title="bbox 150 2455 173 2472">
     <span class='ocr_line' id='line_1_8' title="bbox 150 2455 173 2472; baseline 0 0"><span class='ocrx_word' id='word_1_8' title='bbox 150 2455 173 2472; x_wconf 71' lang='lat'>45</span> 
     </span>
    </p>
   </div>
   <div class='ocr_carea' id='block_1_9' title="bbox 148 2721 174 2739">
    <p class='ocr_par' dir='ltr' id='par_1_9' title="bbox 148 2721 174 2739">
     <span class='ocr_line' id='line_1_9' title="bbox 148 2721 174 2739; baseline 0 0"><span class='ocrx_word' id='word_1_9' title='bbox 148 2721 174 2739; x_wconf 76' lang='lat'>50</span> 
     </span>
    </p>
   </div>
   <div class='ocr_carea' id='block_1_10' title="bbox 475 99 1841 133">
    <p class='ocr_par' dir='ltr' id='par_1_10' title="bbox 475 99 1841 133">
     <span class='ocr_line' id='line_1_10' title="bbox 475 99 1841 133; baseline 0.001 -8"><span class='ocrx_word' id='word_1_10' title='bbox 475 100 570 133; x_wconf 78' lang='lat' dir='ltr'>ACTA</span> <span class='ocrx_word' id='word_1_11' title='bbox 590 99 702 126; x_wconf 76' lang='lat' dir='ltr'>REGNI</span> <span class='ocrx_word' id='word_1_12' title='bbox 723 99 905 125; x_wconf 80' lang='lat' dir='ltr'>LL’DEWICI</span> <span class='ocrx_word' id='word_1_13' title='bbox 925 99 971 125; x_wconf 74' lang='lat' dir='ltr'>IV.</span> <span class='ocrx_word' id='word_1_14' title='bbox 992 99 1036 125; x_wconf 86' lang='grc' dir='ltr'>ΕΤ</span> <span class='ocrx_word' id='word_1_15' title='bbox 1056 99 1238 127; x_wconf 79' lang='lat' dir='ltr'><strong>FRIDERICI</strong></span> <span class='ocrx_word' id='word_1_16' title='bbox 1259 100 1305 126; x_wconf 88' lang='lat'>111.</span> <span class='ocrx_word' id='word_1_17' title='bbox 1345 100 1418 127; x_wconf 79' lang='lat'><strong>1327.</strong></span> <span class='ocrx_word' id='word_1_18' title='bbox 1457 100 1574 126; x_wconf 76' lang='lat' dir='ltr'>N1·.3‘.&gt;4.</span> <span class='ocrx_word' id='word_1_19' title='bbox 1780 103 1841 133; x_wconf 75' lang='grc'>237</span> 
     </span>
    </p>
   </div>
   <div class='ocr_carea' id='block_1_11' title="bbox 186 185 1847 2690">
    <p class='ocr_par' dir='ltr' id='par_1_11' title="bbox 186 185 1845 1098">
     <span class='ocr_line' id='line_1_11' title="bbox 300 185 1843 227; baseline 0 -9"><span class='ocrx_word' id='word_1_20' title='bbox 300 191 325 218; x_wconf 91' lang='grc'>1.</span> <span class='ocrx_word' id='word_1_21' title='bbox 361 187 441 218; x_wconf 82' lang='lat' dir='ltr'>Cum</span> <span class='ocrx_word' id='word_1_22' title='bbox 471 197 527 227; x_wconf 88' lang='lat' dir='ltr'>pro</span> <span class='ocrx_word' id='word_1_23' title='bbox 552 189 724 227; x_wconf 83' lang='lat' dir='ltr'>augmento</span> <span class='ocrx_word' id='word_1_24' title='bbox 755 189 787 217; x_wconf 86' lang='lat' dir='ltr'>et</span> <span class='ocrx_word' id='word_1_25' title='bbox 812 186 897 217; x_wconf 88' lang='lat' dir='ltr'>felici</span> <span class='ocrx_word' id='word_1_26' title='bbox 922 187 1149 218; x_wconf 76' lang='lat' dir='ltr'>reformatione</span> <span class='ocrx_word' id='word_1_27' title='bbox 1174 190 1274 217; x_wconf 83' lang='lat' dir='ltr'>status</span> <span class='ocrx_word' id='word_1_28' title='bbox 1298 187 1437 227; x_wconf 77' lang='lat' dir='ltr'>imperii,</span> <span class='ocrx_word' id='word_1_29' title='bbox 1466 187 1553 217; x_wconf 83' lang='lat' dir='ltr'>cuius</span> <span class='ocrx_word' id='word_1_30' title='bbox 1577 185 1843 227; x_wconf 80' lang='lat' dir='ltr'>gubernationem</span> 
     </span>
     <span class='ocr_line' id='line_1_12' title="bbox 188 237 1843 279; baseline -0.001 -10"><span class='ocrx_word' id='word_1_31' title='bbox 188 242 221 269; x_wconf 82' lang='lat' dir='ltr'>ct</span> <span class='ocrx_word' id='word_1_32' title='bbox 245 238 467 269; x_wconf 78' lang='lat' dir='ltr'><strong>defensionem</strong></span> <span class='ocrx_word' id='word_1_33' title='bbox 484 237 572 268; x_wconf 86' lang='lat' dir='ltr'>Deus</span> <span class='ocrx_word' id='word_1_34' title='bbox 597 238 736 267; x_wconf 90' lang='lat' dir='ltr'>omnium</span> <span class='ocrx_word' id='word_1_35' title='bbox 762 237 916 278; x_wconf 84' lang='lat' dir='ltr'>elargitor</span> <span class='ocrx_word' id='word_1_36' title='bbox 942 249 998 268; x_wconf 86' lang='lat' dir='ltr'>sua</span> <span class='ocrx_word' id='word_1_37' title='bbox 1022 249 1159 279; x_wconf 86' lang='lat' dir='ltr'>superna</span> <span class='ocrx_word' id='word_1_38' title='bbox 1182 239 1286 278; x_wconf 80' lang='lat' dir='ltr'>gratia</span> <span class='ocrx_word' id='word_1_39' title='bbox 1311 238 1417 279; x_wconf 80' lang='lat' dir='ltr'>posuit</span> <span class='ocrx_word' id='word_1_40' title='bbox 1440 249 1535 279; x_wconf 83' lang='lat' dir='ltr'>super</span> <span class='ocrx_word' id='word_1_41' title='bbox 1551 237 1701 269; x_wconf 80' lang='lat' dir='ltr'>humeros</span> <span class='ocrx_word' id='word_1_42' title='bbox 1718 242 1843 269; x_wconf 79' lang='lat' dir='ltr'>nostros</span> 
     </span>
     <span class='ocr_line' id='line_1_13' title="bbox 190 288 1843 330; baseline 0 -10"><span class='ocrx_word' id='word_1_43' title='bbox 190 290 342 330; x_wconf 83' lang='lat' dir='ltr'>cuiusque</span> <span class='ocrx_word' id='word_1_44' title='bbox 367 289 477 323; x_wconf 79' lang='lat' dir='ltr'>honor,</span> <span class='ocrx_word' id='word_1_45' title='bbox 509 288 606 318; x_wconf 86' lang='lat' dir='ltr'>decor</span> <span class='ocrx_word' id='word_1_46' title='bbox 629 292 661 318; x_wconf 88' lang='lat' dir='ltr'>et</span> <span class='ocrx_word' id='word_1_47' title='bbox 684 288 787 329; x_wconf 84' lang='lat' dir='ltr'>gloria</span> <span class='ocrx_word' id='word_1_48' title='bbox 811 298 868 328; x_wconf 83' lang='lat' dir='ltr'>per</span> <span class='ocrx_word' id='word_1_49' title='bbox 893 289 1049 329; x_wconf 86' lang='lat' dir='ltr'>quosdam</span> <span class='ocrx_word' id='word_1_50' title='bbox 1074 293 1198 320; x_wconf 84' lang='lat' dir='ltr'>nostros</span> <span class='ocrx_word' id='word_1_51' title='bbox 1222 293 1254 320; x_wconf 82' lang='lat' dir='ltr'>et</span> <span class='ocrx_word' id='word_1_52' title='bbox 1276 290 1375 330; x_wconf 84' lang='lat' dir='ltr'>ipsius</span> <span class='ocrx_word' id='word_1_53' title='bbox 1399 289 1531 327; x_wconf 69' lang='lat' dir='ltr'>emulos,</span> <span class='ocrx_word' id='word_1_54' title='bbox 1556 289 1674 325; x_wconf 75' lang='lat' dir='ltr'>hostes,</span> <span class='ocrx_word' id='word_1_55' title='bbox 1698 290 1843 321; x_wconf 85' lang='lat' dir='ltr'>inimicos</span> 
     </span>
     <span class='ocr_line' id='line_1_14' title="bbox 189 338 1841 382; baseline 0 -11"><span class='ocrx_word' id='word_1_56' title='bbox 189 344 221 372; x_wconf 84' lang='lat' dir='ltr'>ct</span> <span class='ocrx_word' id='word_1_57' title='bbox 245 340 370 371; x_wconf 85' lang='lat' dir='ltr'>rebeles</span> <span class='ocrx_word' id='word_1_58' title='bbox 394 338 536 380; x_wconf 87' lang='lat' dir='ltr'>perfidos</span> <span class='ocrx_word' id='word_1_59' title='bbox 561 349 597 369; x_wconf 84' lang='lat' dir='ltr'>ae</span> <span class='ocrx_word' id='word_1_60' title='bbox 622 339 789 379; x_wconf 75' lang='lat' dir='ltr'>malignos,</span> <span class='ocrx_word' id='word_1_61' title='bbox 816 351 877 369; x_wconf 88' lang='lat' dir='ltr'>non</span> <span class='ocrx_word' id='word_1_62' title='bbox 902 344 1049 371; x_wconf 76' lang='lat' dir='ltr'>verentes</span> <span class='ocrx_word' id='word_1_63' title='bbox 1073 341 1277 372; x_wconf 86' lang='lat' dir='ltr'>manifestum</span> <span class='ocrx_word' id='word_1_64' title='bbox 1294 341 1422 382; x_wconf 84' lang='lat' dir='ltr'>nephax</span> <span class='ocrx_word' id='word_1_65' title='bbox 1437 341 1467 370; x_wconf 93' lang='lat' dir='ltr'>in</span> <span class='ocrx_word' id='word_1_66' title='bbox 1483 341 1687 371; x_wconf 78' lang='lat' dir='ltr'>sacratissimi</span> <span class='ocrx_word' id='word_1_67' title='bbox 1705 341 1841 372; x_wconf 85' lang='lat' dir='ltr'>Romani</span> 
     </span>
     <span class='ocr_line' id='line_1_15' title="bbox 188 389 1842 433; baseline 0 -11"><span class='ocrx_word' id='word_1_68' title='bbox 188 391 326 432; x_wconf 67' lang='lat' dir='ltr'>imperii,</span> <span class='ocrx_word' id='word_1_69' title='bbox 352 390 439 431; x_wconf 86' lang='lat' dir='ltr'>quod</span> <span class='ocrx_word' id='word_1_70' title='bbox 462 393 571 420; x_wconf 86' lang='lat' dir='ltr'>tamen</span> <span class='ocrx_word' id='word_1_71' title='bbox 596 389 745 420; x_wconf 82' lang='lat' dir='ltr'>divinitus</span> <span class='ocrx_word' id='word_1_72' title='bbox 770 394 803 420; x_wconf 90' lang='lat' dir='ltr'>ut</span> <span class='ocrx_word' id='word_1_73' title='bbox 828 391 928 431; x_wconf 83' lang='lat' dir='ltr'>liquet</span> <span class='ocrx_word' id='word_1_74' title='bbox 950 392 1127 422; x_wconf 86' lang='lat' dir='ltr'>institutum</span> <span class='ocrx_word' id='word_1_75' title='bbox 1145 393 1328 429; x_wconf 71' lang='lat' dir='ltr'>dinoscitur,</span> <span class='ocrx_word' id='word_1_76' title='bbox 1352 393 1480 433; x_wconf 80' lang='lat' dir='ltr'>gravius</span> <span class='ocrx_word' id='word_1_77' title='bbox 1497 393 1664 423; x_wconf 75' lang='lat' dir='ltr'>comittere</span> <span class='ocrx_word' id='word_1_78' title='bbox 1682 392 1842 427; x_wconf 81' lang='lat' dir='ltr'>diadema,</span> 
     </span>
     <span class='ocr_line' id='line_1_16' title="bbox 188 441 1842 484; baseline 0.001 -11"><span class='ocrx_word' id='word_1_79' title='bbox 188 446 236 474; x_wconf 83' lang='lat' dir='ltr'>est</span> <span class='ocrx_word' id='word_1_80' title='bbox 260 443 478 473; x_wconf 81' lang='lat' dir='ltr'>inreverenter</span> <span class='ocrx_word' id='word_1_81' title='bbox 502 445 534 471; x_wconf 87' lang='lat' dir='ltr'>et</span> <span class='ocrx_word' id='word_1_82' title='bbox 558 441 778 481; x_wconf 83' lang='lat' dir='ltr'>multipliciter</span> <span class='ocrx_word' id='word_1_83' title='bbox 802 442 996 476; x_wconf 68' lang='lat' dir='ltr'>vulneratus,</span> <span class='ocrx_word' id='word_1_84' title='bbox 1021 454 1078 473; x_wconf 81' lang='lat' dir='ltr'>nos</span> <span class='ocrx_word' id='word_1_85' title='bbox 1101 443 1142 474; x_wconf 84' lang='lat' dir='ltr'>ad</span> <span class='ocrx_word' id='word_1_86' title='bbox 1163 447 1271 484; x_wconf 82' lang='lat' dir='ltr'>partes</span> <span class='ocrx_word' id='word_1_87' title='bbox 1288 444 1402 474; x_wconf 83' lang='lat' dir='ltr'>Tuscie.</span> <span class='ocrx_word' id='word_1_88' title='bbox 1419 448 1451 474; x_wconf 89' lang='lat' dir='ltr'>et</span> <span class='ocrx_word' id='word_1_89' title='bbox 1467 443 1508 474; x_wconf 89' lang='lat' dir='ltr'>ad</span> <span class='ocrx_word' id='word_1_90' title='bbox 1526 443 1636 474; x_wconf 90' lang='lat' dir='ltr'>urbem</span> <span class='ocrx_word' id='word_1_91' title='bbox 1653 443 1842 481; x_wconf 64' lang='lat' dir='ltr'>Romanam,</span> 
     </span>
     <span class='ocr_line' id='line_1_17' title="bbox 188 491 1843 535; baseline 0.001 -11"><span class='ocrx_word' id='word_1_92' title='bbox 188 504 250 534; x_wconf 87' lang='lat' dir='ltr'>que</span> <span class='ocrx_word' id='word_1_93' title='bbox 274 497 370 534; x_wconf 83' lang='lat' dir='ltr'>eaput</span> <span class='ocrx_word' id='word_1_94' title='bbox 393 496 424 523; x_wconf 88' lang='lat' dir='ltr'>et</span> <span class='ocrx_word' id='word_1_95' title='bbox 449 503 532 533; x_wconf 80' lang='lat' dir='ltr'>apex</span> <span class='ocrx_word' id='word_1_96' title='bbox 557 491 634 522; x_wconf 83' lang='lat' dir='ltr'>dicti</span> <span class='ocrx_word' id='word_1_97' title='bbox 660 493 786 532; x_wconf 88' lang='lat' dir='ltr'>imperii</span> <span class='ocrx_word' id='word_1_98' title='bbox 811 493 931 525; x_wconf 82' lang='lat' dir='ltr'>extitit.</span> <span class='ocrx_word' id='word_1_99' title='bbox 961 505 1017 534; x_wconf 85' lang='lat' dir='ltr'>pro</span> <span class='ocrx_word' id='word_1_100' title='bbox 1042 495 1226 534; x_wconf 82' lang='lat' dir='ltr'>recipienda</span> <span class='ocrx_word' id='word_1_101' title='bbox 1250 498 1355 525; x_wconf 86' lang='lat' dir='ltr'>nostra</span> <span class='ocrx_word' id='word_1_102' title='bbox 1382 505 1499 525; x_wconf 84' lang='lat' dir='ltr'>corona</span> <span class='ocrx_word' id='word_1_103' title='bbox 1523 495 1680 535; x_wconf 86' lang='lat' dir='ltr'>imperiali</span> <span class='ocrx_word' id='word_1_104' title='bbox 1704 495 1744 525; x_wconf 88' lang='lat' dir='ltr'>de</span> <span class='ocrx_word' id='word_1_105' title='bbox 1769 505 1843 526; x_wconf 84' lang='lat' dir='ltr'>con-</span> 
     </span>
     <span class='ocr_line' id='line_1_18' title="bbox 188 544 1843 587; baseline 0.001 -12"><span class='ocrx_word' id='word_1_106' title='bbox 188 545 257 575; x_wconf 86' lang='lat' dir='ltr'>silio</span> <span class='ocrx_word' id='word_1_107' title='bbox 281 548 407 575; x_wconf 78' lang='lat' dir='ltr'>maturo</span> <span class='ocrx_word' id='word_1_108' title='bbox 433 567 464 574; x_wconf 87' lang='lat'>..</span> <span class='ocrx_word' id='word_1_109' title='bbox 490 544 685 584; x_wconf 68' lang='lat' dir='ltr'>principum,</span> <span class='ocrx_word' id='word_1_110' title='bbox 712 567 742 573; x_wconf 91' lang='lat'>..</span> <span class='ocrx_word' id='word_1_111' title='bbox 768 544 934 577; x_wconf 80' lang='lat' dir='ltr'>comitum,</span> <span class='ocrx_word' id='word_1_112' title='bbox 961 568 992 574; x_wconf 87' lang='lat'>..</span> <span class='ocrx_word' id='word_1_113' title='bbox 1018 545 1188 577; x_wconf 86' lang='lat' dir='ltr'>baronum.</span> <span class='ocrx_word' id='word_1_114' title='bbox 1214 570 1245 576; x_wconf 91' lang='lat'>..</span> <span class='ocrx_word' id='word_1_115' title='bbox 1271 556 1439 587; x_wconf 85' lang='lat' dir='ltr'>procerum</span> <span class='ocrx_word' id='word_1_116' title='bbox 1468 549 1500 576; x_wconf 80' lang='lat' dir='ltr'>ct</span> <span class='ocrx_word' id='word_1_117' title='bbox 1527 546 1662 576; x_wconf 82' lang='lat' dir='ltr'>aliorum</span> <span class='ocrx_word' id='word_1_118' title='bbox 1689 546 1843 576; x_wconf 88' lang='lat' dir='ltr'>nobilium</span> 
     </span>
     <span class='ocr_line' id='line_1_19' title="bbox 186 594 1843 638; baseline -0.001 -12"><span class='ocrx_word' id='word_1_119' title='bbox 186 606 310 626; x_wconf 73' lang='lat' dir='ltr'>necnon</span> <span class='ocrx_word' id='word_1_120' title='bbox 342 595 483 625; x_wconf 82' lang='lat' dir='ltr'>fidelium</span> <span class='ocrx_word' id='word_1_121' title='bbox 514 598 693 625; x_wconf 83' lang='lat' dir='ltr'>nostrorum</span> <span class='ocrx_word' id='word_1_122' title='bbox 725 594 963 625; x_wconf 76' lang='lat' dir='ltr'>decreverimus</span> <span class='ocrx_word' id='word_1_123' title='bbox 993 597 1247 633; x_wconf 71' lang='lat' dir='ltr'>transferendos,</span> <span class='ocrx_word' id='word_1_124' title='bbox 1282 598 1460 638; x_wconf 76' lang='lat' dir='ltr'>processuri</span> <span class='ocrx_word' id='word_1_125' title='bbox 1490 607 1561 627; x_wconf 90' lang='lat' dir='ltr'>cum</span> <span class='ocrx_word' id='word_1_126' title='bbox 1592 597 1653 627; x_wconf 89' lang='lat' dir='ltr'>Dei</span> <span class='ocrx_word' id='word_1_127' title='bbox 1686 597 1843 628; x_wconf 84' lang='lat' dir='ltr'>adiutorio</span> 
     </span>
     <span class='ocr_line' id='line_1_20' title="bbox 188 645 1844 689; baseline 0 -12"><span class='ocrx_word' id='word_1_128' title='bbox 188 647 320 677; x_wconf 87' lang='lat' dir='ltr'>ulterius</span> <span class='ocrx_word' id='word_1_129' title='bbox 349 650 459 677; x_wconf 88' lang='lat' dir='ltr'>eontra</span> <span class='ocrx_word' id='word_1_130' title='bbox 488 649 636 676; x_wconf 80' lang='lat' dir='ltr'>auctores</span> <span class='ocrx_word' id='word_1_131' title='bbox 664 645 845 676; x_wconf 84' lang='lat' dir='ltr'>huiusmodi</span> <span class='ocrx_word' id='word_1_132' title='bbox 876 647 1067 677; x_wconf 84' lang='lat' dir='ltr'>temeritatis</span> <span class='ocrx_word' id='word_1_133' title='bbox 1092 649 1259 688; x_wconf 84' lang='lat' dir='ltr'>magnifice</span> <span class='ocrx_word' id='word_1_134' title='bbox 1285 652 1317 678; x_wconf 89' lang='lat' dir='ltr'>et</span> <span class='ocrx_word' id='word_1_135' title='bbox 1342 652 1498 689; x_wconf 75' lang='lat' dir='ltr'>potenter,</span> <span class='ocrx_word' id='word_1_136' title='bbox 1526 648 1610 679; x_wconf 89' lang='lat' dir='ltr'>unde</span> <span class='ocrx_word' id='word_1_137' title='bbox 1634 660 1691 679; x_wconf 91' lang='lat' dir='ltr'>nos</span> <span class='ocrx_word' id='word_1_138' title='bbox 1715 649 1844 689; x_wconf 62' lang='lat' dir='ltr'>propria,</span> 
     </span>
     <span class='ocr_line' id='line_1_21' title="bbox 187 697 1843 740; baseline 0.002 -12"><span class='ocrx_word' id='word_1_139' title='bbox 187 699 218 728; x_wconf 90' lang='lat' dir='ltr'>in</span> <span class='ocrx_word' id='word_1_140' title='bbox 246 708 382 738; x_wconf 86' lang='lat' dir='ltr'>persona</span> <span class='ocrx_word' id='word_1_141' title='bbox 406 697 635 728; x_wconf 85' lang='lat' dir='ltr'>Lombardiam</span> <span class='ocrx_word' id='word_1_142' title='bbox 666 707 816 737; x_wconf 78' lang='lat' dir='ltr'>sponsam</span> <span class='ocrx_word' id='word_1_143' title='bbox 846 702 986 728; x_wconf 86' lang='lat' dir='ltr'>nostram</span> <span class='ocrx_word' id='word_1_144' title='bbox 1017 699 1126 738; x_wconf 86' lang='lat' dir='ltr'>utique</span> <span class='ocrx_word' id='word_1_145' title='bbox 1152 709 1258 730; x_wconf 86' lang='lat' dir='ltr'>caram</span> <span class='ocrx_word' id='word_1_146' title='bbox 1282 700 1416 730; x_wconf 82' lang='lat' dir='ltr'>comode</span> <span class='ocrx_word' id='word_1_147' title='bbox 1442 699 1612 740; x_wconf 74' lang='lat' dir='ltr'>disponere</span> <span class='ocrx_word' id='word_1_148' title='bbox 1635 710 1671 730; x_wconf 84' lang='lat' dir='ltr'>ac</span> <span class='ocrx_word' id='word_1_149' title='bbox 1696 700 1843 731; x_wconf 86' lang='lat' dir='ltr'>ordinare</span> 
     </span>
     <span class='ocr_line' id='line_1_22' title="bbox 186 747 1844 792; baseline 0.002 -13"><span class='ocrx_word' id='word_1_150' title='bbox 186 760 249 780; x_wconf 89' lang='lat' dir='ltr'>non</span> <span class='ocrx_word' id='word_1_151' title='bbox 274 759 442 789; x_wconf 85' lang='lat' dir='ltr'>possumus</span> <span class='ocrx_word' id='word_1_152' title='bbox 466 759 523 779; x_wconf 86' lang='grc'><strong>1100</strong></span> <span class='ocrx_word' id='word_1_153' title='bbox 549 747 704 787; x_wconf 83' lang='lat' dir='ltr'>valemus,</span> <span class='ocrx_word' id='word_1_154' title='bbox 729 748 956 779; x_wconf 78' lang='lat' dir='ltr'>conscideratis</span> <span class='ocrx_word' id='word_1_155' title='bbox 979 749 1076 789; x_wconf 81' lang='lat' dir='ltr'>igitur</span> <span class='ocrx_word' id='word_1_156' title='bbox 1099 750 1172 787; x_wconf 60' lang='lat' dir='ltr'>fide,</span> <span class='ocrx_word' id='word_1_157' title='bbox 1198 750 1366 790; x_wconf 86' lang='lat' dir='ltr'>prudentia</span> <span class='ocrx_word' id='word_1_158' title='bbox 1390 754 1422 781; x_wconf 85' lang='lat' dir='ltr'>et</span> <span class='ocrx_word' id='word_1_159' title='bbox 1446 751 1610 791; x_wconf 72' lang='lat' dir='ltr'>legalitate</span> <span class='ocrx_word' id='word_1_160' title='bbox 1635 752 1705 790; x_wconf 85' lang='lat' dir='ltr'>tuis,</span> <span class='ocrx_word' id='word_1_161' title='bbox 1730 751 1844 792; x_wconf 79' lang='lat' dir='ltr'>quibus</span> 
     </span>
     <span class='ocr_line' id='line_1_23' title="bbox 190 799 1843 843; baseline 0.001 -12"><span class='ocrx_word' id='word_1_162' title='bbox 190 811 268 842; x_wconf 84' lang='lat' dir='ltr'>erga</span> <span class='ocrx_word' id='word_1_163' title='bbox 295 811 352 830; x_wconf 88' lang='lat' dir='ltr'>nos</span> <span class='ocrx_word' id='word_1_164' title='bbox 377 804 408 830; x_wconf 86' lang='lat' dir='ltr'>et</span> <span class='ocrx_word' id='word_1_165' title='bbox 426 800 545 830; x_wconf 83' lang='lat' dir='ltr'>dictum</span> <span class='ocrx_word' id='word_1_166' title='bbox 563 810 687 830; x_wconf 84' lang='lat' dir='ltr'>sacrum</span> <span class='ocrx_word' id='word_1_167' title='bbox 703 799 885 830; x_wconf 85' lang='lat' dir='ltr'>Romanum</span> <span class='ocrx_word' id='word_1_168' title='bbox 904 801 1071 841; x_wconf 88' lang='lat' dir='ltr'>imperium</span> <span class='ocrx_word' id='word_1_169' title='bbox 1089 801 1196 841; x_wconf 86' lang='lat' dir='ltr'>sepius</span> <span class='ocrx_word' id='word_1_170' title='bbox 1213 802 1429 832; x_wconf 84' lang='lat' dir='ltr'>strenuissime</span> <span class='ocrx_word' id='word_1_171' title='bbox 1447 802 1587 832; x_wconf 77' lang='lat' dir='ltr'>claruisti</span> <span class='ocrx_word' id='word_1_172' title='bbox 1604 806 1635 833; x_wconf 83' lang='lat' dir='ltr'>et</span> <span class='ocrx_word' id='word_1_173' title='bbox 1651 803 1691 833; x_wconf 87' lang='lat' dir='ltr'>ob</span> <span class='ocrx_word' id='word_1_174' title='bbox 1709 813 1843 843; x_wconf 85' lang='lat' dir='ltr'>quorum</span> 
     </span>
     <span class='ocr_line' id='line_1_24' title="bbox 188 852 1843 895; baseline 0.002 -13"><span class='ocrx_word' id='word_1_175' title='bbox 188 852 336 882; x_wconf 87' lang='lat' dir='ltr'>fiduciam</span> <span class='ocrx_word' id='word_1_176' title='bbox 361 852 592 892; x_wconf 58' lang='lat' dir='ltr'>presumimusss</span> <span class='ocrx_word' id='word_1_177' title='bbox 615 862 673 892; x_wconf 86' lang='lat' dir='ltr'>per</span> <span class='ocrx_word' id='word_1_178' title='bbox 697 854 727 882; x_wconf 84' lang='lat' dir='ltr'>te</span> <span class='ocrx_word' id='word_1_179' title='bbox 753 852 821 882; x_wconf 85' lang='lat' dir='ltr'>iura</span> <span class='ocrx_word' id='word_1_180' title='bbox 845 856 952 882; x_wconf 84' lang='lat' dir='ltr'>nostra</span> <span class='ocrx_word' id='word_1_181' title='bbox 977 856 1009 882; x_wconf 88' lang='lat' dir='ltr'>et</span> <span class='ocrx_word' id='word_1_182' title='bbox 1034 853 1158 893; x_wconf 91' lang='lat' dir='ltr'>imperii</span> <span class='ocrx_word' id='word_1_183' title='bbox 1182 853 1212 882; x_wconf 93' lang='lat' dir='ltr'>in</span> <span class='ocrx_word' id='word_1_184' title='bbox 1238 853 1381 893; x_wconf 86' lang='lat' dir='ltr'>partibus</span> <span class='ocrx_word' id='word_1_185' title='bbox 1397 853 1592 884; x_wconf 77' lang='lat' dir='ltr'>Lombardie</span> <span class='ocrx_word' id='word_1_186' title='bbox 1609 854 1732 894; x_wconf 85' lang='lat' dir='ltr'>prefate</span> <span class='ocrx_word' id='word_1_187' title='bbox 1750 864 1843 895; x_wconf 82' lang='lat' dir='ltr'>posse</span> 
     </span>
     <span class='ocr_line' id='line_1_25' title="bbox 189 903 1843 945; baseline 0.001 -11"><span class='ocrx_word' id='word_1_188' title='bbox 189 903 329 934; x_wconf 83' lang='lat' dir='ltr'>deffendi</span> <span class='ocrx_word' id='word_1_189' title='bbox 360 908 391 933; x_wconf 84' lang='lat' dir='ltr'>et</span> <span class='ocrx_word' id='word_1_190' title='bbox 420 903 552 933; x_wconf 76' lang='lat' dir='ltr'>viriliter</span> <span class='ocrx_word' id='word_1_191' title='bbox 580 904 776 938; x_wconf 78' lang='lat' dir='ltr'>conservari,</span> <span class='ocrx_word' id='word_1_192' title='bbox 809 906 839 934; x_wconf 87' lang='lat' dir='ltr'>te</span> <span class='ocrx_word' id='word_1_193' title='bbox 869 908 1009 934; x_wconf 86' lang='lat' dir='ltr'>nostrum</span> <span class='ocrx_word' id='word_1_194' title='bbox 1040 908 1072 934; x_wconf 87' lang='lat' dir='ltr'>et</span> <span class='ocrx_word' id='word_1_195' title='bbox 1101 905 1180 934; x_wconf 83' lang='lat' dir='ltr'>sacri</span> <span class='ocrx_word' id='word_1_196' title='bbox 1207 904 1344 935; x_wconf 87' lang='lat' dir='ltr'>Romani</span> <span class='ocrx_word' id='word_1_197' title='bbox 1374 905 1496 945; x_wconf 87' lang='lat' dir='ltr'>imperii</span> <span class='ocrx_word' id='word_1_198' title='bbox 1526 906 1555 934; x_wconf 94' lang='lat' dir='ltr'>in</span> <span class='ocrx_word' id='word_1_199' title='bbox 1581 906 1723 945; x_wconf 87' lang='lat' dir='ltr'>partibus</span> <span class='ocrx_word' id='word_1_200' title='bbox 1746 907 1843 936; x_wconf 93' lang='lat' dir='ltr'>Lom-</span> 
     </span>
     <span class='ocr_line' id='line_1_26' title="bbox 188 954 1845 997; baseline 0.002 -12"><span class='ocrx_word' id='word_1_201' title='bbox 188 954 300 985; x_wconf 85' lang='lat' dir='ltr'>bardie</span> <span class='ocrx_word' id='word_1_202' title='bbox 325 955 480 985; x_wconf 76' lang='lat' dir='ltr'>universis</span> <span class='ocrx_word' id='word_1_203' title='bbox 505 965 628 985; x_wconf 83' lang='lat' dir='ltr'>necnon</span> <span class='ocrx_word' id='word_1_204' title='bbox 652 955 837 995; x_wconf 76' lang='lat' dir='ltr'>specialiter</span> <span class='ocrx_word' id='word_1_205' title='bbox 862 956 890 985; x_wconf 91' lang='lat' dir='ltr'>in</span> <span class='ocrx_word' id='word_1_206' title='bbox 910 956 1037 986; x_wconf 76' lang='lat' dir='ltr'>civitate</span> <span class='ocrx_word' id='word_1_207' title='bbox 1055 960 1087 986; x_wconf 90' lang='lat' dir='ltr'>et</span> <span class='ocrx_word' id='word_1_208' title='bbox 1104 957 1256 986; x_wconf 81' lang='lat' dir='ltr'>comitatu</span> <span class='ocrx_word' id='word_1_209' title='bbox 1274 956 1476 995; x_wconf 58' lang='lat' dir='ltr'>Medioltanfi</span> <span class='ocrx_word' id='word_1_210' title='bbox 1493 957 1641 987; x_wconf 71' lang='lat' dir='ltr'>vicarium</span> <span class='ocrx_word' id='word_1_211' title='bbox 1659 957 1845 997; x_wconf 73' lang='lat' dir='ltr'>generalem</span> 
     </span>
     <span class='ocr_line' id='line_1_27' title="bbox 188 1006 1844 1048; baseline 0.001 -13"><span class='ocrx_word' id='word_1_212' title='bbox 188 1006 255 1037; x_wconf 80' lang='lat' dir='ltr'>vice</span> <span class='ocrx_word' id='word_1_213' title='bbox 281 1009 313 1037; x_wconf 87' lang='lat' dir='ltr'>et</span> <span class='ocrx_word' id='word_1_214' title='bbox 338 1006 407 1036; x_wconf 88' lang='lat' dir='ltr'>loco</span> <span class='ocrx_word' id='word_1_215' title='bbox 432 1006 530 1036; x_wconf 84' lang='lat' dir='ltr'>nostri</span> <span class='ocrx_word' id='word_1_216' title='bbox 559 1017 659 1046; x_wconf 86' lang='lat' dir='ltr'>usque</span> <span class='ocrx_word' id='word_1_217' title='bbox 684 1006 725 1037; x_wconf 84' lang='lat' dir='ltr'>ad</span> <span class='ocrx_word' id='word_1_218' title='bbox 750 1010 891 1037; x_wconf 82' lang='lat' dir='ltr'>nostrum</span> <span class='ocrx_word' id='word_1_219' title='bbox 922 1007 1159 1048; x_wconf 83' lang='lat' dir='ltr'>beneplacitum</span> <span class='ocrx_word' id='word_1_220' title='bbox 1186 1008 1418 1043; x_wconf 69' lang='lat' dir='ltr'>constituimus,</span> <span class='ocrx_word' id='word_1_221' title='bbox 1450 1008 1582 1038; x_wconf 78' lang='lat' dir='ltr'>facimus</span> <span class='ocrx_word' id='word_1_222' title='bbox 1607 1012 1638 1039; x_wconf 84' lang='lat' dir='ltr'>et</span> <span class='ocrx_word' id='word_1_223' title='bbox 1662 1008 1844 1039; x_wconf 85' lang='lat' dir='ltr'>ordinamus</span> 
     </span>
     <span class='ocr_line' id='line_1_28' title="bbox 188 1058 909 1098; baseline 0.001 -11"><span class='ocrx_word' id='word_1_224' title='bbox 188 1058 381 1088; x_wconf 86' lang='lat' dir='ltr'>auctoritate</span> <span class='ocrx_word' id='word_1_225' title='bbox 407 1061 511 1087; x_wconf 83' lang='lat' dir='ltr'>nostra</span> <span class='ocrx_word' id='word_1_226' title='bbox 538 1058 627 1097; x_wconf 84' lang='lat' dir='ltr'>regia</span> <span class='ocrx_word' id='word_1_227' title='bbox 652 1068 709 1097; x_wconf 83' lang='lat' dir='ltr'>per</span> <span class='ocrx_word' id='word_1_228' title='bbox 733 1062 909 1098; x_wconf 77' lang='lat' dir='ltr'>presentes.</span> 
     </span>
    </p>

    <p class='ocr_par' dir='ltr' id='par_1_12' title="bbox 189 1109 1847 2690">
     <span class='ocr_line' id='line_1_29' title="bbox 298 1109 1844 1151; baseline 0.002 -13"><span class='ocrx_word' id='word_1_229' title='bbox 298 1110 325 1138; x_wconf 74' lang='grc'>2.</span> <span class='ocrx_word' id='word_1_230' title='bbox 363 1109 485 1139; x_wconf 85' lang='lat' dir='ltr'>Dantes</span> <span class='ocrx_word' id='word_1_231' title='bbox 511 1109 565 1139; x_wconf 86' lang='lat' dir='ltr'>tibi</span> <span class='ocrx_word' id='word_1_232' title='bbox 592 1109 719 1149; x_wconf 84' lang='lat' dir='ltr'>plenam</span> <span class='ocrx_word' id='word_1_233' title='bbox 747 1113 779 1139; x_wconf 86' lang='lat' dir='ltr'>et</span> <span class='ocrx_word' id='word_1_234' title='bbox 803 1109 937 1140; x_wconf 77' lang='lat' dir='ltr'>liberam</span> <span class='ocrx_word' id='word_1_235' title='bbox 963 1111 1149 1141; x_wconf 84' lang='lat' dir='ltr'>facultatem</span> <span class='ocrx_word' id='word_1_236' title='bbox 1174 1111 1205 1140; x_wconf 93' lang='lat' dir='ltr'>in</span> <span class='ocrx_word' id='word_1_237' title='bbox 1229 1110 1360 1151; x_wconf 81' lang='lat' dir='ltr'>singulis</span> <span class='ocrx_word' id='word_1_238' title='bbox 1384 1111 1485 1149; x_wconf 80' lang='lat' dir='ltr'>terris,</span> <span class='ocrx_word' id='word_1_239' title='bbox 1510 1110 1699 1142; x_wconf 64' lang='lat' dir='ltr'>civitatibus.</span> <span class='ocrx_word' id='word_1_240' title='bbox 1724 1111 1844 1146; x_wconf 75' lang='lat' dir='ltr'>castris,</span> 
     </span>
     <span class='ocr_line' id='line_1_30' title="bbox 190 1160 1844 1202; baseline 0.001 -12"><span class='ocrx_word' id='word_1_241' title='bbox 190 1160 312 1201; x_wconf 77' lang='lat' dir='ltr'>burgis,</span> <span class='ocrx_word' id='word_1_242' title='bbox 343 1160 447 1200; x_wconf 87' lang='lat' dir='ltr'>opidis</span> <span class='ocrx_word' id='word_1_243' title='bbox 475 1166 507 1191; x_wconf 87' lang='lat' dir='ltr'>ct</span> <span class='ocrx_word' id='word_1_244' title='bbox 531 1160 612 1190; x_wconf 72' lang='lat' dir='ltr'>villis</span> <span class='ocrx_word' id='word_1_245' title='bbox 637 1160 832 1191; x_wconf 78' lang='lat' dir='ltr'>Lonibardie</span> <span class='ocrx_word' id='word_1_246' title='bbox 862 1161 1003 1201; x_wconf 79' lang='lat' dir='ltr'>predicto</span> <span class='ocrx_word' id='word_1_247' title='bbox 1034 1166 1065 1191; x_wconf 84' lang='lat' dir='ltr'>ct</span> <span class='ocrx_word' id='word_1_248' title='bbox 1093 1163 1190 1192; x_wconf 80' lang='lat' dir='ltr'>etiam</span> <span class='ocrx_word' id='word_1_249' title='bbox 1220 1162 1403 1202; x_wconf 83' lang='lat' dir='ltr'>specialiter</span> <span class='ocrx_word' id='word_1_250' title='bbox 1431 1163 1460 1191; x_wconf 90' lang='lat' dir='ltr'>in</span> <span class='ocrx_word' id='word_1_251' title='bbox 1490 1162 1616 1192; x_wconf 73' lang='lat' dir='ltr'>civitate</span> <span class='ocrx_word' id='word_1_252' title='bbox 1646 1166 1677 1192; x_wconf 84' lang='lat' dir='ltr'>et</span> <span class='ocrx_word' id='word_1_253' title='bbox 1702 1162 1844 1192; x_wconf 79' lang='lat' dir='ltr'>districtu</span> 
     </span>
     <span class='ocr_line' id='line_1_31' title="bbox 190 1211 1845 1253; baseline 0.001 -11"><span class='ocrx_word' id='word_1_254' title='bbox 190 1211 391 1249; x_wconf 57' lang='lat' dir='ltr'>Mediolzssanii</span> <span class='ocrx_word' id='word_1_255' title='bbox 417 1235 423 1241; x_wconf 86' lang='lat'><strong><em>.</em></strong></span> <span class='ocrx_word' id='word_1_256' title='bbox 447 1236 452 1242; x_wconf 92' lang='lat'><strong>.</strong></span> <span class='ocrx_word' id='word_1_257' title='bbox 479 1212 623 1249; x_wconf 74' lang='lat' dir='ltr'>vicarios,</span> <span class='ocrx_word' id='word_1_258' title='bbox 651 1236 681 1242; x_wconf 86' lang='lat'>..</span> <span class='ocrx_word' id='word_1_259' title='bbox 708 1213 902 1252; x_wconf 62' lang='lat' dir='ltr'>capitaneos</span> <span class='ocrx_word' id='word_1_260' title='bbox 930 1237 960 1243; x_wconf 91' lang='lat'>..</span> <span class='ocrx_word' id='word_1_261' title='bbox 986 1216 1172 1253; x_wconf 51' lang='lat' dir='ltr'>potestates.¹</span> <span class='ocrx_word' id='word_1_262' title='bbox 1200 1238 1229 1244; x_wconf 82' lang='lat'>..</span> <span class='ocrx_word' id='word_1_263' title='bbox 1255 1213 1376 1243; x_wconf 87' lang='lat' dir='ltr'>iudices</span> <span class='ocrx_word' id='word_1_264' title='bbox 1400 1223 1456 1243; x_wconf 88' lang='lat' dir='ltr'>scu</span> <span class='ocrx_word' id='word_1_265' title='bbox 1482 1238 1487 1243; x_wconf 93' lang='lat'>.</span> <span class='ocrx_word' id='word_1_266' title='bbox 1508 1238 1512 1243; x_wconf 96' lang='lat'>.</span> <span class='ocrx_word' id='word_1_267' title='bbox 1539 1216 1680 1243; x_wconf 81' lang='lat' dir='ltr'>rectores</span> <span class='ocrx_word' id='word_1_268' title='bbox 1708 1213 1845 1243; x_wconf 84' lang='lat' dir='ltr'>auetori-</span> 
     </span>
     <span class='ocr_line' id='line_1_32' title="bbox 190 1263 1844 1305; baseline 0.001 -12"><span class='ocrx_word' id='word_1_269' title='bbox 190 1267 255 1294; x_wconf 87' lang='lat' dir='ltr'>tate</span> <span class='ocrx_word' id='word_1_270' title='bbox 280 1263 367 1304; x_wconf 84' lang='lat' dir='ltr'>regia</span> <span class='ocrx_word' id='word_1_271' title='bbox 393 1273 429 1293; x_wconf 87' lang='lat' dir='ltr'>ac</span> <span class='ocrx_word' id='word_1_272' title='bbox 454 1263 522 1293; x_wconf 79' lang='lat' dir='ltr'>viee</span> <span class='ocrx_word' id='word_1_273' title='bbox 548 1266 579 1293; x_wconf 91' lang='lat' dir='ltr'>ct</span> <span class='ocrx_word' id='word_1_274' title='bbox 603 1264 730 1294; x_wconf 89' lang='lat' dir='ltr'>nomine</span> <span class='ocrx_word' id='word_1_275' title='bbox 756 1267 863 1294; x_wconf 85' lang='lat' dir='ltr'>nostro</span> <span class='ocrx_word' id='word_1_276' title='bbox 889 1264 1074 1295; x_wconf 73' lang='grc'><strong>0111011111111</strong></span> <span class='ocrx_word' id='word_1_277' title='bbox 1100 1265 1225 1305; x_wconf 85' lang='lat' dir='ltr'>imperii</span> <span class='ocrx_word' id='word_1_278' title='bbox 1251 1264 1290 1295; x_wconf 86' lang='grc'>(10</span> <span class='ocrx_word' id='word_1_279' title='bbox 1314 1275 1396 1294; x_wconf 81' lang='lat' dir='ltr'>novo</span> <span class='ocrx_word' id='word_1_280' title='bbox 1421 1264 1560 1300; x_wconf 71' lang='lat' dir='ltr'>creandi,</span> <span class='ocrx_word' id='word_1_281' title='bbox 1586 1264 1733 1301; x_wconf 70' lang='lat' dir='ltr'>faei‹=11di‚</span> <span class='ocrx_word' id='word_1_282' title='bbox 1758 1265 1844 1294; x_wconf 91' lang='lat' dir='ltr'>insti-</span> 
     </span>
     <span class='ocr_line' id='line_1_33' title="bbox 189 1314 1845 1356; baseline 0.001 -12"><span class='ocrx_word' id='word_1_283' title='bbox 189 1314 298 1345; x_wconf 86' lang='lat' dir='ltr'>tuendi</span> <span class='ocrx_word' id='word_1_284' title='bbox 315 1325 351 1345; x_wconf 80' lang='lat' dir='ltr'>ac.</span> <span class='ocrx_word' id='word_1_285' title='bbox 369 1314 545 1351; x_wconf 68' lang='lat' dir='ltr'>ordinandi,</span> <span class='ocrx_word' id='word_1_286' title='bbox 565 1315 722 1345; x_wconf 84' lang='lat' dir='ltr'>institutos</span> <span class='ocrx_word' id='word_1_287' title='bbox 741 1315 814 1345; x_wconf 88' lang='lat' dir='ltr'>olim</span> <span class='ocrx_word' id='word_1_288' title='bbox 833 1326 850 1345; x_wconf 92' lang='lat' dir='ltr'>a</span> <span class='ocrx_word' id='word_1_289' title='bbox 869 1315 1148 1356; x_wconf 66' lang='lat' dir='ltr'>predecesst»ribus</span> <span class='ocrx_word' id='word_1_290' title='bbox 1166 1317 1280 1346; x_wconf 74' lang='lat' dir='ltr'>nost-ris</span> <span class='ocrx_word' id='word_1_291' title='bbox 1299 1315 1542 1356; x_wconf 75' lang='lat' dir='ltr'>imperatoriluis</span> <span class='ocrx_word' id='word_1_292' title='bbox 1560 1327 1615 1345; x_wconf 81' lang='lat' dir='ltr'>seu</span> <span class='ocrx_word' id='word_1_293' title='bbox 1628 1316 1845 1346; x_wconf 83' lang='lat' dir='ltr'>Romanorum</span> 
     </span>
     <span class='ocr_line' id='line_1_34' title="bbox 189 1365 1845 1407; baseline 0.001 -11"><span class='ocrx_word' id='word_1_294' title='bbox 189 1366 318 1406; x_wconf 79' lang='lat' dir='ltr'>rcgibus</span> <span class='ocrx_word' id='word_1_295' title='bbox 335 1367 364 1396; x_wconf 92' lang='lat' dir='ltr'>in</span> <span class='ocrx_word' id='word_1_296' title='bbox 383 1365 622 1406; x_wconf 13' lang='lat' dir='ltr'>‹oplibusconquc</span> <span class='ocrx_word' id='word_1_297' title='bbox 641 1366 763 1405; x_wconf 69' lang='lat' dir='ltr'>officiis,</span> <span class='ocrx_word' id='word_1_298' title='bbox 789 1367 1007 1407; x_wconf 63' lang='lat' dir='ltr'>‹lignitatibus‚</span> <span class='ocrx_word' id='word_1_299' title='bbox 1033 1368 1247 1407; x_wconf 72' lang='lat' dir='ltr'>potestatibus</span> <span class='ocrx_word' id='word_1_300' title='bbox 1264 1379 1319 1398; x_wconf 88' lang='lat' dir='ltr'>seu</span> <span class='ocrx_word' id='word_1_301' title='bbox 1338 1368 1462 1397; x_wconf 78' lang='lat' dir='ltr'>vicariis</span> <span class='ocrx_word' id='word_1_302' title='bbox 1479 1367 1695 1400; x_wconf 80' lang='lat' dir='ltr'>confirmandi.</span> <span class='ocrx_word' id='word_1_303' title='bbox 1722 1367 1845 1397; x_wconf 87' lang='lat' dir='ltr'>locandi</span> 
     </span>
     <span class='ocr_line' id='line_1_35' title="bbox 192 1418 1845 1459; baseline 0 -11"><span class='ocrx_word' id='word_1_304' title='bbox 192 1421 223 1448; x_wconf 89' lang='lat' dir='ltr'>ct</span> <span class='ocrx_word' id='word_1_305' title='bbox 252 1418 481 1447; x_wconf 85' lang='lat' dir='ltr'>institutionem</span> <span class='ocrx_word' id='word_1_306' title='bbox 513 1418 652 1458; x_wconf 86' lang='lat' dir='ltr'>ipsorum</span> <span class='ocrx_word' id='word_1_307' title='bbox 682 1418 855 1448; x_wconf 73' lang='lat' dir='ltr'>renovandi</span> <span class='ocrx_word' id='word_1_308' title='bbox 885 1418 925 1448; x_wconf 92' lang='lat' dir='ltr'>ad</span> <span class='ocrx_word' id='word_1_309' title='bbox 955 1424 1081 1459; x_wconf 78' lang='lat' dir='ltr'>tempus</span> <span class='ocrx_word' id='word_1_310' title='bbox 1107 1419 1154 1449; x_wconf 75' lang='lat' dir='ltr'>vel</span> <span class='ocrx_word' id='word_1_311' title='bbox 1184 1419 1224 1449; x_wconf 83' lang='lat' dir='ltr'>ad</span> <span class='ocrx_word' id='word_1_312' title='bbox 1249 1420 1345 1449; x_wconf 80' lang='lat' dir='ltr'>vitain</span> <span class='ocrx_word' id='word_1_313' title='bbox 1370 1419 1510 1459; x_wconf 85' lang='lat' dir='ltr'>ipsorum</span> <span class='ocrx_word' id='word_1_314' title='bbox 1536 1430 1572 1449; x_wconf 88' lang='lat' dir='ltr'>ac</span> <span class='ocrx_word' id='word_1_315' title='bbox 1597 1420 1692 1449; x_wconf 87' lang='lat' dir='ltr'>etiam</span> <span class='ocrx_word' id='word_1_316' title='bbox 1719 1419 1749 1448; x_wconf 89' lang='grc'>111</span> <span class='ocrx_word' id='word_1_317' title='bbox 1773 1429 1845 1459; x_wconf 92' lang='lat' dir='ltr'>per-</span> 
     </span>
     <span class='ocr_line' id='line_1_36' title="bbox 193 1468 1846 1511; baseline 0.001 -12"><span class='ocrx_word' id='word_1_318' title='bbox 193 1472 335 1509; x_wconf 77' lang='lat' dir='ltr'>petuum,</span> <span class='ocrx_word' id='word_1_319' title='bbox 365 1468 496 1499; x_wconf 84' lang='lat' dir='ltr'>eosdem</span> <span class='ocrx_word' id='word_1_320' title='bbox 522 1469 667 1508; x_wconf 78' lang='lat' dir='ltr'>vicarios,</span> <span class='ocrx_word' id='word_1_321' title='bbox 691 1473 867 1509; x_wconf 80' lang='lat' dir='ltr'>potestates</span> <span class='ocrx_word' id='word_1_322' title='bbox 891 1480 927 1499; x_wconf 77' lang='lat' dir='ltr'>ac</span> <span class='ocrx_word' id='word_1_323' title='bbox 952 1470 1031 1499; x_wconf 84' lang='lat' dir='ltr'>alios</span> <span class='ocrx_word' id='word_1_324' title='bbox 1056 1471 1210 1500; x_wconf 71' lang='lat' dir='ltr'>officiales</span> <span class='ocrx_word' id='word_1_325' title='bbox 1235 1481 1291 1501; x_wconf 85' lang='lat' dir='ltr'>scu</span> <span class='ocrx_word' id='word_1_326' title='bbox 1316 1470 1482 1503; x_wconf 76' lang='lat' dir='ltr'>officiatos,</span> <span class='ocrx_word' id='word_1_327' title='bbox 1507 1481 1694 1511; x_wconf 81' lang='lat' dir='ltr'>quoeonque</span> <span class='ocrx_word' id='word_1_328' title='bbox 1720 1471 1846 1500; x_wconf 87' lang='lat' dir='ltr'>nomine.</span> 
     </span>
     <span class='ocr_line' id='line_1_37' title="bbox 192 1520 1845 1562; baseline 0.001 -12"><span class='ocrx_word' id='word_1_329' title='bbox 192 1526 384 1551; x_wconf 77' lang='lat' dir='ltr'>censeantur</span> <span class='ocrx_word' id='word_1_330' title='bbox 400 1521 465 1551; x_wconf 73' lang='lat' dir='ltr'>sive</span> <span class='ocrx_word' id='word_1_331' title='bbox 484 1520 725 1561; x_wconf 80' lang='lat' dir='ltr'>quibusconque</span> <span class='ocrx_word' id='word_1_332' title='bbox 743 1522 863 1561; x_wconf 84' lang='lat' dir='ltr'>presiut</span> <span class='ocrx_word' id='word_1_333' title='bbox 881 1522 1072 1557; x_wconf 78' lang='lat' dir='ltr'>civitatibus,</span> <span class='ocrx_word' id='word_1_334' title='bbox 1091 1522 1308 1562; x_wconf 74' lang='lat' dir='ltr'>dignitatibus,</span> <span class='ocrx_word' id='word_1_335' title='bbox 1327 1522 1440 1552; x_wconf 83' lang='lat' dir='ltr'>ol&#39;tieiis</span> <span class='ocrx_word' id='word_1_336' title='bbox 1459 1522 1507 1552; x_wconf 73' lang='lat' dir='ltr'>vel</span> <span class='ocrx_word' id='word_1_337' title='bbox 1524 1522 1696 1559; x_wconf 63' lang='lat' dir='ltr'>benefieiis„</span> <span class='ocrx_word' id='word_1_338' title='bbox 1713 1532 1845 1562; x_wconf 88' lang='lat' dir='ltr'>quorum</span> 
     </span>
     <span class='ocr_line' id='line_1_38' title="bbox 192 1572 1845 1615; baseline 0.001 -14"><span class='ocrx_word' id='word_1_339' title='bbox 192 1572 347 1602; x_wconf 83' lang='lat' dir='ltr'>institutio</span> <span class='ocrx_word' id='word_1_340' title='bbox 373 1576 403 1602; x_wconf 89' lang='lat' dir='ltr'>ct</span> <span class='ocrx_word' id='word_1_341' title='bbox 428 1572 591 1602; x_wconf 87' lang='lat' dir='ltr'>destitutio</span> <span class='ocrx_word' id='word_1_342' title='bbox 616 1572 707 1603; x_wconf 79' lang='lat' dir='ltr'>nobis</span> <span class='ocrx_word' id='word_1_343' title='bbox 732 1578 763 1603; x_wconf 91' lang='lat' dir='ltr'>et</span> <span class='ocrx_word' id='word_1_344' title='bbox 780 1573 926 1604; x_wconf 83' lang='lat' dir='ltr'>Romano</span> <span class='ocrx_word' id='word_1_345' title='bbox 953 1575 1086 1614; x_wconf 78' lang='lat' dir='ltr'>imperio</span> <span class='ocrx_word' id='word_1_346' title='bbox 1111 1574 1285 1605; x_wconf 85' lang='lat' dir='ltr'>dinoscitur</span> <span class='ocrx_word' id='word_1_347' title='bbox 1307 1575 1478 1615; x_wconf 68' lang='lat' dir='ltr'>pertinere,</span> <span class='ocrx_word' id='word_1_348' title='bbox 1504 1574 1698 1609; x_wconf 61' lang='lat' dir='ltr'>removendiq</span> <span class='ocrx_word' id='word_1_349' title='bbox 1725 1574 1845 1614; x_wconf 85' lang='lat' dir='ltr'>deppo-</span> 
     </span>
     <span class='ocr_line' id='line_1_39' title="bbox 192 1622 1846 1665; baseline 0.001 -13"><span class='ocrx_word' id='word_1_350' title='bbox 192 1622 289 1653; x_wconf 85' lang='lat' dir='ltr'>nendi</span> <span class='ocrx_word' id='word_1_351' title='bbox 315 1628 345 1653; x_wconf 86' lang='lat' dir='ltr'>ct</span> <span class='ocrx_word' id='word_1_352' title='bbox 371 1623 565 1653; x_wconf 78' lang='lat' dir='ltr'>destituendi</span> <span class='ocrx_word' id='word_1_353' title='bbox 589 1635 626 1654; x_wconf 77' lang='lat' dir='ltr'>ac</span> <span class='ocrx_word' id='word_1_354' title='bbox 651 1624 796 1664; x_wconf 79' lang='lat' dir='ltr'>privandi</span> <span class='ocrx_word' id='word_1_355' title='bbox 821 1636 875 1655; x_wconf 89' lang='lat' dir='ltr'>seu</span> <span class='ocrx_word' id='word_1_356' title='bbox 902 1626 1051 1665; x_wconf 74' lang='lat' dir='ltr'>privatos.</span> <span class='ocrx_word' id='word_1_357' title='bbox 1077 1626 1246 1656; x_wconf 83' lang='lat' dir='ltr'>destitutos</span> <span class='ocrx_word' id='word_1_358' title='bbox 1272 1631 1302 1656; x_wconf 85' lang='lat' dir='ltr'>et</span> <span class='ocrx_word' id='word_1_359' title='bbox 1328 1630 1466 1656; x_wconf 79' lang='lat' dir='ltr'>remotos</span> <span class='ocrx_word' id='word_1_360' title='bbox 1491 1625 1670 1663; x_wconf 59' lang='lat' dir='ltr'>nunciandi,</span> <span class='ocrx_word' id='word_1_361' title='bbox 1696 1625 1846 1655; x_wconf 83' lang='lat' dir='ltr'>inlocum</span> 
     </span>
     <span class='ocr_line' id='line_1_40' title="bbox 192 1674 1846 1718; baseline 0.001 -14"><span class='ocrx_word' id='word_1_362' title='bbox 192 1674 331 1715; x_wconf 87' lang='lat' dir='ltr'>ipsorum</span> <span class='ocrx_word' id='word_1_363' title='bbox 371 1685 427 1705; x_wconf 81' lang='lat' dir='ltr'>seu</span> <span class='ocrx_word' id='word_1_364' title='bbox 461 1675 531 1705; x_wconf 82' lang='lat' dir='ltr'>loco</span> <span class='ocrx_word' id='word_1_365' title='bbox 562 1675 736 1706; x_wconf 88' lang='lat' dir='ltr'>eorundem</span> <span class='ocrx_word' id='word_1_366' title='bbox 768 1676 847 1707; x_wconf 84' lang='lat' dir='ltr'>alios</span> <span class='ocrx_word' id='word_1_367' title='bbox 877 1676 1085 1717; x_wconf 23' lang='lat' dir='ltr'>su[›1·‹s›gandi‚</span> <span class='ocrx_word' id='word_1_368' title='bbox 1121 1677 1256 1707; x_wconf 86' lang='lat' dir='ltr'>mulctas</span> <span class='ocrx_word' id='word_1_369' title='bbox 1287 1683 1319 1707; x_wconf 87' lang='lat' dir='ltr'>et</span> <span class='ocrx_word' id='word_1_370' title='bbox 1348 1688 1448 1718; x_wconf 82' lang='lat' dir='ltr'>penas</span> <span class='ocrx_word' id='word_1_371' title='bbox 1482 1688 1592 1707; x_wconf 79' lang='lat' dir='ltr'>eorum</span> <span class='ocrx_word' id='word_1_372' title='bbox 1626 1678 1785 1717; x_wconf 75' lang='lat' dir='ltr'>preceptis</span> <span class='ocrx_word' id='word_1_373' title='bbox 1816 1680 1846 1706; x_wconf 86' lang='lat' dir='ltr'>ct</span> 
     </span>
     <span class='ocr_line' id='line_1_41' title="bbox 190 1725 1845 1769; baseline 0.001 -13"><span class='ocrx_word' id='word_1_374' title='bbox 190 1725 350 1756; x_wconf 86' lang='lat' dir='ltr'>mandatis</span> <span class='ocrx_word' id='word_1_375' title='bbox 375 1726 605 1756; x_wconf 73' lang='lat' dir='ltr'>rebellantibus</span> <span class='ocrx_word' id='word_1_376' title='bbox 630 1730 662 1756; x_wconf 88' lang='lat' dir='ltr'>et</span> <span class='ocrx_word' id='word_1_377' title='bbox 686 1727 906 1758; x_wconf 73' lang='lat' dir='ltr'>resistentibus</span> <span class='ocrx_word' id='word_1_378' title='bbox 931 1729 1124 1768; x_wconf 82' lang='lat' dir='ltr'>imponendi.</span> <span class='ocrx_word' id='word_1_379' title='bbox 1150 1728 1190 1759; x_wconf 85' lang='lat' dir='ltr'>ab</span> <span class='ocrx_word' id='word_1_380' title='bbox 1216 1728 1338 1759; x_wconf 88' lang='lat' dir='ltr'>eisdem</span> <span class='ocrx_word' id='word_1_381' title='bbox 1364 1729 1513 1769; x_wconf 72' lang='lat' dir='ltr'>exigendi</span> <span class='ocrx_word' id='word_1_382' title='bbox 1539 1732 1570 1759; x_wconf 88' lang='lat' dir='ltr'>et</span> <span class='ocrx_word' id='word_1_383' title='bbox 1591 1728 1630 1758; x_wconf 89' lang='lat' dir='ltr'>ad</span> <span class='ocrx_word' id='word_1_384' title='bbox 1649 1728 1845 1758; x_wconf 68' lang='lat' dir='ltr'>solucionem</span> 
     </span>
     <span class='ocr_line' id='line_1_42' title="bbox 191 1777 1846 1820; baseline 0.001 -13"><span class='ocrx_word' id='word_1_385' title='bbox 191 1787 299 1807; x_wconf 85' lang='lat' dir='ltr'>eorum</span> <span class='ocrx_word' id='word_1_386' title='bbox 326 1777 553 1817; x_wconf 81' lang='lat' dir='ltr'>compellendi,</span> <span class='ocrx_word' id='word_1_387' title='bbox 578 1777 746 1818; x_wconf 78' lang='lat' dir='ltr'>privilegia</span> <span class='ocrx_word' id='word_1_388' title='bbox 762 1779 905 1818; x_wconf 83' lang='lat' dir='ltr'>ipsorum</span> <span class='ocrx_word' id='word_1_389' title='bbox 922 1779 1103 1815; x_wconf 70' lang='lat' dir='ltr'>innovandi,</span> <span class='ocrx_word' id='word_1_390' title='bbox 1129 1780 1303 1810; x_wconf 74' lang='lat' dir='ltr'>1·en‹1›vandi</span> <span class='ocrx_word' id='word_1_391' title='bbox 1320 1783 1352 1810; x_wconf 84' lang='lat' dir='ltr'>et</span> <span class='ocrx_word' id='word_1_392' title='bbox 1368 1779 1585 1812; x_wconf 73' lang='lat' dir='ltr'>confirmandi.</span> <span class='ocrx_word' id='word_1_393' title='bbox 1612 1780 1640 1809; x_wconf 90' lang='lat' dir='ltr'>in</span> <span class='ocrx_word' id='word_1_394' title='bbox 1659 1789 1846 1820; x_wconf 72' lang='lat' dir='ltr'>quat-enque</span> 
     </span>
     <span class='ocr_line' id='line_1_43' title="bbox 191 1828 1845 1870; baseline 0.002 -12"><span class='ocrx_word' id='word_1_395' title='bbox 191 1828 359 1858; x_wconf 83' lang='lat' dir='ltr'>verborum</span> <span class='ocrx_word' id='word_1_396' title='bbox 399 1829 499 1858; x_wconf 88' lang='lat' dir='ltr'>forma</span> <span class='ocrx_word' id='word_1_397' title='bbox 538 1829 710 1869; x_wconf 85' lang='lat' dir='ltr'>impetrata</span> <span class='ocrx_word' id='word_1_398' title='bbox 743 1830 860 1860; x_wconf 85' lang='lat' dir='ltr'>fuerint</span> <span class='ocrx_word' id='word_1_399' title='bbox 896 1830 945 1861; x_wconf 76' lang='lat' dir='ltr'>vel</span> <span class='ocrx_word' id='word_1_400' title='bbox 979 1841 1140 1861; x_wconf 79' lang='lat' dir='ltr'>concessa.</span> <span class='ocrx_word' id='word_1_401' title='bbox 1192 1831 1435 1862; x_wconf 81' lang='lat' dir='ltr'>Ecclesiastieas</span> <span class='ocrx_word' id='word_1_402' title='bbox 1467 1831 1653 1870; x_wconf 73' lang='lat' dir='ltr'>dignitates.</span> <span class='ocrx_word' id='word_1_403' title='bbox 1685 1831 1845 1861; x_wconf 77' lang='lat' dir='ltr'>canonias.</span> 
     </span>
     <span class='ocr_line' id='line_1_44' title="bbox 191 1879 1847 1923; baseline 0.002 -16"><span class='ocrx_word' id='word_1_404' title='bbox 191 1879 373 1919; x_wconf 79' lang='lat' dir='ltr'>prebendas</span> <span class='ocrx_word' id='word_1_405' title='bbox 404 1890 460 1910; x_wconf 87' lang='lat' dir='ltr'>seu</span> <span class='ocrx_word' id='word_1_406' title='bbox 490 1880 552 1910; x_wconf 84' lang='lat' dir='ltr'>alia</span> <span class='ocrx_word' id='word_1_407' title='bbox 583 1881 738 1911; x_wconf 83' lang='lat' dir='ltr'>beneficia</span> <span class='ocrx_word' id='word_1_408' title='bbox 767 1881 796 1911; x_wconf 90' lang='lat' dir='ltr'>in</span> <span class='ocrx_word' id='word_1_409' title='bbox 826 1881 1003 1922; x_wconf 79' lang='lat' dir='ltr'>collegiatis</span> <span class='ocrx_word' id='word_1_410' title='bbox 1033 1883 1177 1913; x_wconf 81' lang='lat' dir='ltr'>ecclesiis</span> <span class='ocrx_word' id='word_1_411' title='bbox 1207 1886 1270 1913; x_wconf 80' lang='lat' dir='ltr'>tam</span> <span class='ocrx_word' id='word_1_412' title='bbox 1299 1883 1498 1923; x_wconf 73' lang='lat' dir='ltr'>regularibus</span> <span class='ocrx_word' id='word_1_413' title='bbox 1527 1894 1622 1923; x_wconf 81' lang='lat' dir='ltr'>quain</span> <span class='ocrx_word' id='word_1_414' title='bbox 1652 1881 1847 1912; x_wconf 73' lang='lat' dir='ltr'>secularibus</span> 
     </span>
     <span class='ocr_line' id='line_1_45' title="bbox 190 1930 1846 1974; baseline 0.002 -14"><span class='ocrx_word' id='word_1_415' title='bbox 190 1930 318 1961; x_wconf 89' lang='lat' dir='ltr'>nomine</span> <span class='ocrx_word' id='word_1_416' title='bbox 348 1932 569 1971; x_wconf 87' lang='lat' dir='ltr'>primariarum</span> <span class='ocrx_word' id='word_1_417' title='bbox 596 1935 774 1962; x_wconf 83' lang='lat' dir='ltr'>nostrarum</span> <span class='ocrx_word' id='word_1_418' title='bbox 801 1943 930 1972; x_wconf 83' lang='lat' dir='ltr'>precum</span> <span class='ocrx_word' id='word_1_419' title='bbox 959 1933 1154 1971; x_wconf 67' lang='lat' dir='ltr'>conferendi,</span> <span class='ocrx_word' id='word_1_420' title='bbox 1185 1944 1338 1974; x_wconf 84' lang='lat' dir='ltr'>personas</span> <span class='ocrx_word' id='word_1_421' title='bbox 1367 1936 1462 1965; x_wconf 83' lang='lat' dir='ltr'>ctiam</span> <span class='ocrx_word' id='word_1_422' title='bbox 1488 1934 1529 1965; x_wconf 87' lang='lat' dir='ltr'>ad</span> <span class='ocrx_word' id='word_1_423' title='bbox 1553 1934 1612 1964; x_wconf 81' lang='lat' dir='ltr'>hoc</span> <span class='ocrx_word' id='word_1_424' title='bbox 1638 1933 1846 1974; x_wconf 81' lang='lat' dir='ltr'>expedientes</span> 
     </span>
     <span class='ocr_line' id='line_1_46' title="bbox 190 1982 1844 2025; baseline 0.001 -13"><span class='ocrx_word' id='word_1_425' title='bbox 190 1982 221 2012; x_wconf 91' lang='lat' dir='ltr'>in</span> <span class='ocrx_word' id='word_1_426' title='bbox 246 2006 251 2011; x_wconf 95' lang='lat'>.</span> <span class='ocrx_word' id='word_1_427' title='bbox 271 2006 276 2012; x_wconf 92' lang='lat'><strong>.</strong></span> <span class='ocrx_word' id='word_1_428' title='bbox 302 1983 429 2015; x_wconf 84' lang='lat' dir='ltr'>milites.</span> <span class='ocrx_word' id='word_1_429' title='bbox 455 2006 461 2013; x_wconf 90' lang='lat'>.</span> <span class='ocrx_word' id='word_1_430' title='bbox 480 2007 486 2013; x_wconf 88' lang='lat'>.</span> <span class='ocrx_word' id='word_1_431' title='bbox 512 1983 718 2016; x_wconf 78' lang='lat' dir='ltr'>consiliarios,</span> <span class='ocrx_word' id='word_1_432' title='bbox 745 2009 750 2014; x_wconf 86' lang='lat'><strong><em>.</em></strong></span> <span class='ocrx_word' id='word_1_433' title='bbox 770 2007 776 2014; x_wconf 91' lang='lat'><strong>.</strong></span> <span class='ocrx_word' id='word_1_434' title='bbox 801 1985 995 2024; x_wconf 77' lang='lat' dir='ltr'>capellanos.</span> <span class='ocrx_word' id='word_1_435' title='bbox 1023 2010 1027 2015; x_wconf 97' lang='lat'>.</span> <span class='ocrx_word' id='word_1_436' title='bbox 1047 2008 1053 2015; x_wconf 88' lang='lat'><strong>.</strong></span> <span class='ocrx_word' id='word_1_437' title='bbox 1079 1985 1254 2016; x_wconf 87' lang='lat' dir='ltr'>familiares</span> <span class='ocrx_word' id='word_1_438' title='bbox 1271 1990 1303 2017; x_wconf 84' lang='lat' dir='ltr'>et</span> <span class='ocrx_word' id='word_1_439' title='bbox 1320 1986 1514 2016; x_wconf 83' lang='lat' dir='ltr'>domesticos</span> <span class='ocrx_word' id='word_1_440' title='bbox 1532 1989 1655 2015; x_wconf 84' lang='lat' dir='ltr'>nostros</span> <span class='ocrx_word' id='word_1_441' title='bbox 1673 1988 1704 2015; x_wconf 89' lang='lat' dir='ltr'>et</span> <span class='ocrx_word' id='word_1_442' title='bbox 1721 1985 1844 2025; x_wconf 81' lang='lat' dir='ltr'>imperii</span> 
     </span>
     <span class='ocr_line' id='line_1_47' title="bbox 191 2033 1847 2076; baseline 0.001 -13"><span class='ocrx_word' id='word_1_443' title='bbox 191 2033 365 2074; x_wconf 88' lang='lat' dir='ltr'>recipiendi</span> <span class='ocrx_word' id='word_1_444' title='bbox 392 2039 423 2064; x_wconf 89' lang='lat' dir='ltr'>et</span> <span class='ocrx_word' id='word_1_445' title='bbox 447 2035 645 2075; x_wconf 75' lang='lat' dir='ltr'>aggregandi</span> <span class='ocrx_word' id='word_1_446' title='bbox 670 2045 706 2065; x_wconf 83' lang='lat' dir='ltr'>ac</span> <span class='ocrx_word' id='word_1_447' title='bbox 731 2036 775 2065; x_wconf 89' lang='lat' dir='ltr'>sie</span> <span class='ocrx_word' id='word_1_448' title='bbox 800 2036 937 2076; x_wconf 74' lang='lat' dir='ltr'>receptis</span> <span class='ocrx_word' id='word_1_449' title='bbox 962 2037 1156 2067; x_wconf 70' lang='lat' dir='ltr'>concedendi</span> <span class='ocrx_word' id='word_1_450' title='bbox 1182 2047 1253 2067; x_wconf 87' lang='grc'><strong>011111</strong></span> <span class='ocrx_word' id='word_1_451' title='bbox 1279 2037 1392 2067; x_wconf 86' lang='lat' dir='ltr'>nostris</span> <span class='ocrx_word' id='word_1_452' title='bbox 1416 2037 1568 2067; x_wconf 76' lang='lat' dir='ltr'>militibus</span> <span class='ocrx_word' id='word_1_453' title='bbox 1590 2042 1622 2067; x_wconf 85' lang='lat' dir='ltr'>et</span> <span class='ocrx_word' id='word_1_454' title='bbox 1638 2036 1847 2066; x_wconf 70' lang='lat' dir='ltr'>familiaribus</span> 
     </span>
     <span class='ocr_line' id='line_1_48' title="bbox 191 2085 1845 2128; baseline 0.001 -13"><span class='ocrx_word' id='word_1_455' title='bbox 191 2095 301 2125; x_wconf 86' lang='lat' dir='ltr'>parem</span> <span class='ocrx_word' id='word_1_456' title='bbox 331 2085 503 2126; x_wconf 77' lang='lat' dir='ltr'>privilegii,</span> <span class='ocrx_word' id='word_1_457' title='bbox 535 2086 699 2126; x_wconf 87' lang='lat' dir='ltr'>stipendii.</span> <span class='ocrx_word' id='word_1_458' title='bbox 730 2087 858 2117; x_wconf 87' lang='lat' dir='ltr'>honoris</span> <span class='ocrx_word' id='word_1_459' title='bbox 887 2093 919 2117; x_wconf 82' lang='lat' dir='ltr'>et</span> <span class='ocrx_word' id='word_1_460' title='bbox 949 2092 1049 2118; x_wconf 80' lang='lat' dir='ltr'>status</span> <span class='ocrx_word' id='word_1_461' title='bbox 1080 2088 1269 2128; x_wconf 85' lang='lat' dir='ltr'>dignitatem</span> <span class='ocrx_word' id='word_1_462' title='bbox 1300 2099 1420 2119; x_wconf 86' lang='lat' dir='ltr'>necnon</span> <span class='ocrx_word' id='word_1_463' title='bbox 1450 2088 1629 2123; x_wconf 66' lang='lat' dir='ltr'>ordinandi,</span> <span class='ocrx_word' id='word_1_464' title='bbox 1662 2087 1790 2118; x_wconf 81' lang='lat' dir='ltr'>creandi</span> <span class='ocrx_word' id='word_1_465' title='bbox 1815 2092 1845 2117; x_wconf 88' lang='lat' dir='ltr'>et</span> 
     </span>
     <span class='ocr_line' id='line_1_49' title="bbox 194 2136 1845 2180; baseline 0.001 -14"><span class='ocrx_word' id='word_1_466' title='bbox 194 2136 381 2167; x_wconf 78' lang='lat' dir='ltr'>conficiendi</span> <span class='ocrx_word' id='word_1_467' title='bbox 408 2137 551 2177; x_wconf 83' lang='lat' dir='ltr'>publicos</span> <span class='ocrx_word' id='word_1_468' title='bbox 574 2139 725 2168; x_wconf 86' lang='lat' dir='ltr'>notarios.</span> <span class='ocrx_word' id='word_1_469' title='bbox 762 2138 860 2168; x_wconf 87' lang='lat' dir='ltr'>Filios</span> <span class='ocrx_word' id='word_1_470' title='bbox 884 2140 1046 2170; x_wconf 83' lang='lat' dir='ltr'>naturales</span> <span class='ocrx_word' id='word_1_471' title='bbox 1071 2143 1135 2170; x_wconf 82' lang='lat' dir='ltr'>tam</span> <span class='ocrx_word' id='word_1_472' title='bbox 1161 2141 1285 2180; x_wconf 89' lang='lat' dir='ltr'>spurios</span> <span class='ocrx_word' id='word_1_473' title='bbox 1310 2151 1404 2180; x_wconf 72' lang='lat' dir='ltr'>(piam</span> <span class='ocrx_word' id='word_1_474' title='bbox 1422 2150 1587 2170; x_wconf 69' lang='grc' dir='ltr'><strong>1111111001·οε</strong></span> <span class='ocrx_word' id='word_1_475' title='bbox 1605 2144 1636 2170; x_wconf 81' lang='lat' dir='ltr'>et</span> <span class='ocrx_word' id='word_1_476' title='bbox 1653 2139 1733 2170; x_wconf 84' lang='lat' dir='ltr'>alios</span> <span class='ocrx_word' id='word_1_477' title='bbox 1751 2149 1845 2180; x_wconf 83' lang='lat' dir='ltr'>quos-</span> 
     </span>
     <span class='ocr_line' id='line_1_50' title="bbox 193 2188 1846 2231; baseline 0.002 -14"><span class='ocrx_word' id='word_1_478' title='bbox 193 2198 314 2229; x_wconf 87' lang='lat' dir='ltr'>conque</span> <span class='ocrx_word' id='word_1_479' title='bbox 341 2199 381 2218; x_wconf 74' lang='lat' dir='ltr'>cx</span> <span class='ocrx_word' id='word_1_480' title='bbox 404 2188 546 2218; x_wconf 66' lang='lat' dir='ltr'>incestob</span> <span class='ocrx_word' id='word_1_481' title='bbox 570 2193 664 2229; x_wconf 74' lang='lat' dir='ltr'>coytu</span> <span class='ocrx_word' id='word_1_482' title='bbox 690 2194 874 2230; x_wconf 80' lang='lat' dir='ltr'>procreatos</span> <span class='ocrx_word' id='word_1_483' title='bbox 904 2190 1127 2231; x_wconf 68' lang='lat' dir='ltr'>legi11itiiiiaiitli</span> <span class='ocrx_word' id='word_1_484' title='bbox 1159 2196 1190 2221; x_wconf 87' lang='lat' dir='ltr'>et</span> <span class='ocrx_word' id='word_1_485' title='bbox 1219 2202 1289 2221; x_wconf 84' lang='grc'><strong>011111</strong></span> <span class='ocrx_word' id='word_1_486' title='bbox 1318 2192 1394 2231; x_wconf 84' lang='lat' dir='ltr'>ipsis</span> <span class='ocrx_word' id='word_1_487' title='bbox 1422 2202 1517 2231; x_wconf 88' lang='lat' dir='ltr'>super</span> <span class='ocrx_word' id='word_1_488' title='bbox 1541 2191 1678 2221; x_wconf 80' lang='lat' dir='ltr'>deffectu</span> <span class='ocrx_word' id='word_1_489' title='bbox 1704 2190 1846 2231; x_wconf 85' lang='lat' dir='ltr'>quolibet</span> 
     </span>
     <span class='ocr_line' id='line_1_51' title="bbox 191 2239 1846 2283; baseline 0.001 -14"><span class='ocrx_word' id='word_1_490' title='bbox 191 2239 372 2269; x_wconf 89' lang='lat' dir='ltr'>huiusmodi</span> <span class='ocrx_word' id='word_1_491' title='bbox 397 2239 612 2280; x_wconf 86' lang='lat' dir='ltr'>dispensandi.</span> <span class='ocrx_word' id='word_1_492' title='bbox 650 2240 762 2271; x_wconf 88' lang='lat' dir='ltr'>Feuda</span> <span class='ocrx_word' id='word_1_493' title='bbox 787 2252 916 2282; x_wconf 81' lang='lat' dir='ltr'>quoque</span> <span class='ocrx_word' id='word_1_494' title='bbox 942 2243 1084 2283; x_wconf 70' lang='lat' dir='ltr'>antiqua,</span> <span class='ocrx_word' id='word_1_495' title='bbox 1110 2247 1195 2273; x_wconf 81' lang='lat' dir='ltr'>recta</span> <span class='ocrx_word' id='word_1_496' title='bbox 1221 2247 1252 2273; x_wconf 87' lang='lat' dir='ltr'>ct</span> <span class='ocrx_word' id='word_1_497' title='bbox 1277 2243 1403 2282; x_wconf 73' lang='lat' dir='ltr'>legalia,</span> <span class='ocrx_word' id='word_1_498' title='bbox 1428 2243 1452 2272; x_wconf 81' lang='lat' dir='ltr'>si</span> <span class='ocrx_word' id='word_1_499' title='bbox 1478 2246 1584 2272; x_wconf 87' lang='lat' dir='ltr'>tamen</span> <span class='ocrx_word' id='word_1_500' title='bbox 1608 2242 1776 2272; x_wconf 85' lang='lat' dir='ltr'>comitatus</span> <span class='ocrx_word' id='word_1_501' title='bbox 1793 2245 1846 2271; x_wconf 88' lang='lat' dir='ltr'>aut</span> 
     </span>
     <span class='ocr_line' id='line_1_52' title="bbox 191 2291 1845 2333; baseline 0.002 -13"><span class='ocrx_word' id='word_1_502' title='bbox 191 2291 371 2330; x_wconf 83' lang='lat' dir='ltr'>superiores</span> <span class='ocrx_word' id='word_1_503' title='bbox 401 2291 574 2332; x_wconf 76' lang='lat' dir='ltr'>dignitates</span> <span class='ocrx_word' id='word_1_504' title='bbox 604 2303 665 2322; x_wconf 90' lang='lat' dir='ltr'>non</span> <span class='ocrx_word' id='word_1_505' title='bbox 696 2293 827 2331; x_wconf 63' lang='lat' dir='ltr'>fuerint,</span> <span class='ocrx_word' id='word_1_506' title='bbox 856 2293 1041 2323; x_wconf 84' lang='lat' dir='ltr'>conferendi</span> <span class='ocrx_word' id='word_1_507' title='bbox 1071 2304 1106 2324; x_wconf 83' lang='lat' dir='ltr'>ae</span> <span class='ocrx_word' id='word_1_508' title='bbox 1135 2293 1321 2324; x_wconf 84' lang='lat' dir='ltr'>infeudandi</span> <span class='ocrx_word' id='word_1_509' title='bbox 1351 2294 1491 2324; x_wconf 79' lang='lat' dir='ltr'>vassalos</span> <span class='ocrx_word' id='word_1_510' title='bbox 1519 2294 1644 2333; x_wconf 89' lang='lat' dir='ltr'>imperii</span> <span class='ocrx_word' id='word_1_511' title='bbox 1669 2293 1708 2323; x_wconf 84' lang='lat' dir='ltr'>de</span> <span class='ocrx_word' id='word_1_512' title='bbox 1734 2292 1845 2323; x_wconf 82' lang='lat' dir='ltr'>feudis.</span> 
     </span>
     <span class='ocr_line' id='line_1_53' title="bbox 192 2343 1844 2385; baseline 0.001 -14"><span class='ocrx_word' id='word_1_513' title='bbox 192 2352 252 2382; x_wconf 88' lang='lat' dir='ltr'>que</span> <span class='ocrx_word' id='word_1_514' title='bbox 282 2353 376 2372; x_wconf 85' lang='lat' dir='ltr'>manu</span> <span class='ocrx_word' id='word_1_515' title='bbox 402 2343 450 2373; x_wconf 79' lang='lat' dir='ltr'>vel</span> <span class='ocrx_word' id='word_1_516' title='bbox 482 2354 536 2373; x_wconf 88' lang='lat' dir='ltr'>ore</span> <span class='ocrx_word' id='word_1_517' title='bbox 566 2343 684 2374; x_wconf 84' lang='lat' dir='ltr'>fuerint</span> <span class='ocrx_word' id='word_1_518' title='bbox 714 2344 913 2377; x_wconf 77' lang='lat' dir='ltr'>conferendi,</span> <span class='ocrx_word' id='word_1_519' title='bbox 948 2345 1124 2385; x_wconf 76' lang='lat' dir='ltr'>reeipiendi</span> <span class='ocrx_word' id='word_1_520' title='bbox 1149 2356 1167 2375; x_wconf 88' lang='lat' dir='ltr'>a</span> <span class='ocrx_word' id='word_1_521' title='bbox 1191 2345 1322 2376; x_wconf 77' lang='lat' dir='ltr'>vassalis</span> <span class='ocrx_word' id='word_1_522' title='bbox 1347 2345 1460 2375; x_wconf 82' lang='lat' dir='ltr'>nostris</span> <span class='ocrx_word' id='word_1_523' title='bbox 1484 2344 1648 2374; x_wconf 81' lang='lat' dir='ltr'>fidelitatis</span> <span class='ocrx_word' id='word_1_524' title='bbox 1672 2348 1703 2374; x_wconf 90' lang='lat' dir='ltr'>et</span> <span class='ocrx_word' id='word_1_525' title='bbox 1727 2343 1844 2383; x_wconf 82' lang='lat' dir='ltr'>omagii</span> 
     </span>
     <span class='ocr_line' id='line_1_54' title="bbox 191 2394 1845 2437; baseline 0 -14"><span class='ocrx_word' id='word_1_526' title='bbox 191 2397 400 2424; x_wconf 82' lang='lat' dir='ltr'>sacramenta.</span> <span class='ocrx_word' id='word_1_527' title='bbox 437 2394 620 2425; x_wconf 64' lang='lat' dir='ltr'>Exere-endi</span> <span class='ocrx_word' id='word_1_528' title='bbox 646 2398 793 2435; x_wconf 80' lang='lat' dir='ltr'>preterea</span> <span class='ocrx_word' id='word_1_529' title='bbox 820 2399 852 2426; x_wconf 84' lang='lat' dir='ltr'>et</span> <span class='ocrx_word' id='word_1_530' title='bbox 876 2396 992 2436; x_wconf 83' lang='lat' dir='ltr'>agendi</span> <span class='ocrx_word' id='word_1_531' title='bbox 1017 2407 1206 2437; x_wconf 84' lang='lat' dir='ltr'>quceonque</span> <span class='ocrx_word' id='word_1_532' title='bbox 1230 2396 1270 2426; x_wconf 89' lang='lat' dir='ltr'>ad</span> <span class='ocrx_word' id='word_1_533' title='bbox 1295 2406 1418 2426; x_wconf 89' lang='lat' dir='ltr'>merum</span> <span class='ocrx_word' id='word_1_534' title='bbox 1443 2394 1515 2437; x_wconf 18' lang='lat' dir='ltr'>{Vct]*&#39;</span> <span class='ocrx_word' id='word_1_535' title='bbox 1540 2396 1667 2425; x_wconf 85' lang='lat' dir='ltr'>mistum</span> <span class='ocrx_word' id='word_1_536' title='bbox 1686 2395 1845 2435; x_wconf 80' lang='lat' dir='ltr'>pertinent</span> 
     </span>
     <span class='ocr_line' id='line_1_55' title="bbox 194 2443 1845 2487; baseline 0 -13"><span class='ocrx_word' id='word_1_537' title='bbox 194 2443 363 2484; x_wconf 85' lang='lat' dir='ltr'>imperium</span> <span class='ocrx_word' id='word_1_538' title='bbox 394 2448 425 2475; x_wconf 81' lang='lat' dir='ltr'>et</span> <span class='ocrx_word' id='word_1_539' title='bbox 455 2446 560 2475; x_wconf 81' lang='lat' dir='ltr'>onmia</span> <span class='ocrx_word' id='word_1_540' title='bbox 589 2450 620 2476; x_wconf 87' lang='lat' dir='ltr'>et</span> <span class='ocrx_word' id='word_1_541' title='bbox 649 2446 772 2486; x_wconf 84' lang='lat' dir='ltr'>singula</span> <span class='ocrx_word' id='word_1_542' title='bbox 802 2447 939 2477; x_wconf 84' lang='lat' dir='ltr'>faciendi</span> <span class='ocrx_word' id='word_1_543' title='bbox 965 2458 1025 2487; x_wconf 87' lang='lat' dir='ltr'>que</span> <span class='ocrx_word' id='word_1_544' title='bbox 1050 2448 1155 2478; x_wconf 80' lang='lat' dir='ltr'>faeere</span> <span class='ocrx_word' id='word_1_545' title='bbox 1181 2458 1347 2487; x_wconf 83' lang='lat' dir='ltr'>possemus</span> <span class='ocrx_word' id='word_1_546' title='bbox 1371 2448 1400 2477; x_wconf 93' lang='lat' dir='ltr'>in</span> <span class='ocrx_word' id='word_1_547' title='bbox 1426 2447 1587 2487; x_wconf 82' lang='lat' dir='ltr'>premissis</span> <span class='ocrx_word' id='word_1_548' title='bbox 1612 2450 1643 2476; x_wconf 88' lang='lat' dir='ltr'>et</span> <span class='ocrx_word' id='word_1_549' title='bbox 1667 2447 1749 2476; x_wconf 77' lang='lat' dir='ltr'>cirea</span> <span class='ocrx_word' id='word_1_550' title='bbox 1775 2456 1845 2485; x_wconf 72' lang='lat' dir='ltr'>pre-</span> 
     </span>
     <span class='ocr_line' id='line_1_56' title="bbox 192 2495 1844 2538; baseline 0.001 -14"><span class='ocrx_word' id='word_1_551' title='bbox 192 2495 288 2525; x_wconf 86' lang='lat' dir='ltr'>missa</span> <span class='ocrx_word' id='word_1_552' title='bbox 320 2496 447 2536; x_wconf 84' lang='lat' dir='ltr'>propria</span> <span class='ocrx_word' id='word_1_553' title='bbox 479 2498 509 2526; x_wconf 91' lang='lat' dir='ltr'>in</span> <span class='ocrx_word' id='word_1_554' title='bbox 541 2507 692 2537; x_wconf 86' lang='lat' dir='ltr'>persona.</span> <span class='ocrx_word' id='word_1_555' title='bbox 725 2498 850 2528; x_wconf 85' lang='lat' dir='ltr'>etiamsi</span> <span class='ocrx_word' id='word_1_556' title='bbox 879 2498 1063 2528; x_wconf 84' lang='lat' dir='ltr'>mandatum</span> <span class='ocrx_word' id='word_1_557' title='bbox 1097 2502 1376 2538; x_wconf 67' lang='lat' dir='ltr'>quantumconqm}</span> <span class='ocrx_word' id='word_1_558' title='bbox 1408 2498 1539 2538; x_wconf 75' lang='lat' dir='ltr'>exigant</span> <span class='ocrx_word' id='word_1_559' title='bbox 1569 2497 1719 2537; x_wconf 83' lang='lat' dir='ltr'>speciale.</span> <span class='ocrx_word' id='word_1_560' title='bbox 1764 2496 1844 2525; x_wconf 87' lang='lat' dir='ltr'>Pro-</span> 
     </span>
     <span class='ocr_line' id='line_1_57' title="bbox 196 2546 1846 2589; baseline -0.001 -13"><span class='ocrx_word' id='word_1_561' title='bbox 196 2547 360 2578; x_wconf 82' lang='lat' dir='ltr'>mittentes</span> <span class='ocrx_word' id='word_1_562' title='bbox 385 2558 442 2577; x_wconf 82' lang='lat' dir='ltr'>nos</span> <span class='ocrx_word' id='word_1_563' title='bbox 466 2552 544 2579; x_wconf 84' lang='lat' dir='ltr'>rata.</span> <span class='ocrx_word' id='word_1_564' title='bbox 570 2548 658 2578; x_wconf 82' lang='lat' dir='ltr'>firma</span> <span class='ocrx_word' id='word_1_565' title='bbox 684 2553 715 2578; x_wconf 85' lang='lat' dir='ltr'>et</span> <span class='ocrx_word' id='word_1_566' title='bbox 739 2552 829 2589; x_wconf 84' lang='lat' dir='ltr'>grata</span> <span class='ocrx_word' id='word_1_567' title='bbox 855 2549 1020 2579; x_wconf 84' lang='lat' dir='ltr'>habituros</span> <span class='ocrx_word' id='word_1_568' title='bbox 1045 2550 1171 2580; x_wconf 88' lang='lat' dir='ltr'>nomine</span> <span class='ocrx_word' id='word_1_569' title='bbox 1196 2554 1303 2579; x_wconf 87' lang='lat' dir='ltr'>nostro</span> <span class='ocrx_word' id='word_1_570' title='bbox 1328 2554 1359 2579; x_wconf 88' lang='grc'>01</span> <span class='ocrx_word' id='word_1_571' title='bbox 1384 2549 1507 2589; x_wconf 86' lang='lat' dir='ltr'>imperii</span> <span class='ocrx_word' id='word_1_572' title='bbox 1524 2548 1670 2578; x_wconf 83' lang='lat' dir='ltr'>Romani.</span> <span class='ocrx_word' id='word_1_573' title='bbox 1696 2546 1846 2587; x_wconf 71' lang='lat' dir='ltr'>quicquid</span> 
     </span>
     <span class='ocr_line' id='line_1_58' title="bbox 193 2597 1843 2641; baseline -0.001 -14"><span class='ocrx_word' id='word_1_574' title='bbox 193 2608 251 2637; x_wconf 85' lang='lat' dir='ltr'>per</span> <span class='ocrx_word' id='word_1_575' title='bbox 280 2602 311 2628; x_wconf 86' lang='lat' dir='ltr'>te</span> <span class='ocrx_word' id='word_1_576' title='bbox 341 2598 536 2633; x_wconf 76' lang='lat' dir='ltr'>ordinatum,</span> <span class='ocrx_word' id='word_1_577' title='bbox 566 2600 684 2630; x_wconf 82' lang='lat' dir='ltr'>factum</span> <span class='ocrx_word' id='word_1_578' title='bbox 710 2601 759 2630; x_wconf 78' lang='lat' dir='ltr'>vel</span> <span class='ocrx_word' id='word_1_579' title='bbox 789 2605 915 2640; x_wconf 74' lang='lat' dir='ltr'>gestum</span> <span class='ocrx_word' id='word_1_580' title='bbox 944 2601 1039 2630; x_wconf 86' lang='lat' dir='ltr'>fucrit</span> <span class='ocrx_word' id='word_1_581' title='bbox 1066 2611 1123 2631; x_wconf 90' lang='lat' dir='ltr'>seu</span> <span class='ocrx_word' id='word_1_582' title='bbox 1147 2600 1388 2641; x_wconf 79' lang='lat' dir='ltr'>quomodolibet</span> <span class='ocrx_word' id='word_1_583' title='bbox 1414 2605 1615 2639; x_wconf 74' lang='lat' dir='ltr'>procuratum</span> <span class='ocrx_word' id='word_1_584' title='bbox 1641 2600 1669 2628; x_wconf 91' lang='lat' dir='ltr'>in</span> <span class='ocrx_word' id='word_1_585' title='bbox 1696 2597 1843 2638; x_wconf 83' lang='lat' dir='ltr'>predictis</span> 
     </span>
     <span class='ocr_line' id='line_1_59' title="bbox 194 2650 642 2690; baseline 0.007 -12"><span class='ocrx_word' id='word_1_586' title='bbox 194 2653 225 2678; x_wconf 85' lang='lat' dir='ltr'>et</span> <span class='ocrx_word' id='word_1_587' title='bbox 250 2650 392 2689; x_wconf 87' lang='lat' dir='ltr'>quolibet</span> <span class='ocrx_word' id='word_1_588' title='bbox 417 2650 642 2690; x_wconf 85' lang='lat' dir='ltr'>predictorum.</span> 
     </span>
    </p>
   </div>
   <div class='ocr_carea' id='block_1_12' title="bbox 297 2717 1204 2751">
    <p class='ocr_par' dir='ltr' id='par_1_13' title="bbox 297 2717 1204 2751">
     <span class='ocr_line' id='line_1_60' title="bbox 297 2717 1204 2751; baseline 0 -8"><span class='ocrx_word' id='word_1_589' title='bbox 297 2717 362 2744; x_wconf 68' lang='lat'><strong>3:³4.</strong></span> <span class='ocrx_word' id='word_1_590' title='bbox 391 2720 414 2750; x_wconf 79' lang='lat'>²¹)</span> <span class='ocrx_word' id='word_1_591' title='bbox 435 2721 604 2751; x_wconf 57' lang='lat' dir='ltr'>preSiTmmus</span> <span class='ocrx_word' id='word_1_592' title='bbox 623 2725 653 2744; x_wconf 68' lang='lat' dir='ltr'>ir.</span> <span class='ocrx_word' id='word_1_593' title='bbox 742 2720 766 2751; x_wconf 71' lang='lat' dir='ltr'>l’)</span> <span class='ocrx_word' id='word_1_594' title='bbox 786 2722 883 2745; x_wconf 80' lang='lat' dir='ltr'>incestu</span> <span class='ocrx_word' id='word_1_595' title='bbox 904 2726 934 2744; x_wconf 70' lang='lat' dir='ltr'>tr.</span> <span class='ocrx_word' id='word_1_596' title='bbox 1024 2722 1045 2750; x_wconf 73' lang='lat' dir='ltr'>c)</span> <span class='ocrx_word' id='word_1_597' title='bbox 1065 2721 1156 2745; x_wconf 58' lang='lat' dir='ltr'>escidi&#39;z</span> <span class='ocrx_word' id='word_1_598' title='bbox 1175 2725 1204 2743; x_wconf 80' lang='grc'><strong>1,-.</strong></span> 
     </span>
    </p>
   </div>
  </div>
 </body>
</html>
