2205 3025
357 110 452 136 ACTA
471 109 582 142 REGNI
602 108 787 136 LUDEWICI
808 109 853 136 IV.
874 109 917 134 ET
938 107 1121 135 FRIDERICI
1142 108 1189 134 ΙΙΙ.
1228 108 1301 134 1328.
1339 108 1386 134 Nr.
1399 108 1458 134 493.
1477 108 1535 134 494.
1554 108 1613 134 495.
1754 111 1815 140 405

515 224 599 258 493.
642 223 796 258 Litterae
825 224 870 257 ml
897 224 1037 257 eundem,
1066 223 1203 258 alterae.
1309 222 1473 266 Sept.1.9.

278 296 375 335 Copia
400 299 451 335 (c.)
479 297 588 327 ibidem
612 296 631 326 I.
649 308 673 328 c.
697 297 720 335 f.
740 299 788 334 74,
813 297 867 328 ubi
889 297 1039 327 rubrum:
1062 296 1115 327 Ad
1138 297 1261 337 regiam
1285 297 1497 327 maiestatem.
1523 315 1563 318 —
1587 295 1684 326 Dedit
1700 294 1816 325 Ficker

167 349 186 381 l.
203 360 227 380 C.
246 350 361 388 p.104
384 359 433 378 nr.
452 348 514 378 186
537 358 575 378 esc
598 358 624 378 c.
670 348 749 378 Item
774 349 950 386 repetimus.

274 433 412 464 Domino
437 433 505 473 regi
530 432 674 463 Roberto
700 434 851 472 seriptum
881 436 928 463 est
952 432 1004 462 die
1029 432 1170 462 XVIIII.
1196 432 1314 462 mensis
1342 431 1434 462 huius
1458 431 1657 472 Septembris
1682 431 1720 462 de
1745 441 1815 461 sero

136 497 148 515 5
167 486 249 516 inter
277 485 353 525 alia,
385 483 522 525 qualiter
545 494 619 514 vere
651 483 787 514 habetur
810 494 867 523 per
890 484 1013 513 litteras
1038 487 1070 513 et
1093 483 1219 514 nuntios
1242 482 1436 523 fidedignos.
1468 482 1554 523 quod
1576 483 1719 512 Bavarus
1744 492 1816 512 cum

167 536 316 578 gentibus
339 536 403 566 suis
426 534 495 565 heri
519 545 613 565 mane
630 534 800 564 Dominica
817 534 942 564 XVIII.
960 534 1076 564 mensis
1093 537 1164 574 post
1188 533 1256 564 dira
1273 533 1358 564 bella
1375 533 1450 563 (lata
1466 533 1668 563 Grossetanis
1684 533 1816 563 secessit
1831 542 1890 568 Sept.
1904 545 1934 562 ιε.

167 588 207 618 ab
243 586 408 618 obsidione
445 586 582 616 civitatis
613 584 757 615 Grosseti
791 588 822 615 et
856 595 964 615 versus
996 585 1088 615 Pisas
1118 595 1175 625 per
1209 587 1317 624 partes
1347 583 1541 614 Castillionis
1570 584 1711 614 Piscarie
1743 593 1816 614 suos

167 648 295 679 gressus
321 637 438 668 direxit
462 640 494 667 et
518 636 603 677 quod
629 637 697 677 ipse
721 637 858 667 intendit
882 639 992 666 contra
1020 646 1077 666 nos
1107 636 1174 666 sine
1203 635 1354 666 dilatione
1380 635 1618 666 exercitualiter
1640 634 1815 675 procedere

168 693 201 720 et
224 690 341 720 venire.
388 687 430 718 Et
453 688 666 728 supplicatum
696 692 743 718 est
773 688 816 727 ei,
851 691 1006 728 quatenus
1035 687 1197 717 dominum
1226 689 1367 717 nostrum
1398 686 1511 716 ducem
1535 685 1683 716 Calabrie
1709 685 1816 726 amplo

128 755 151 773 10
170 740 307 772 exfortio
333 740 487 770 sociatum
514 738 664 779 dignetur
694 739 761 769 sine
791 749 880 769 mora
908 738 1072 768 remittere
1101 737 1141 768 ad
1170 739 1331 768 civitatem
1356 737 1516 768 Florentie
1546 747 1602 777 pro
1632 737 1817 767 defensione

168 793 267 832 ipsius
292 791 428 822 civitatis
452 794 485 821 et
509 790 697 820 devotorum
722 790 862 820 omnium
888 789 1035 829 regionis.
1065 799 1134 818 eum
1160 789 1226 819 sine
1252 790 1318 819 eius
1342 789 1504 828 presentia
1528 788 1567 818 de
1592 788 1719 818 civitate
1743 787 1818 818 Flo-

170 843 270 874 rentie
295 843 465 883 plurimum
491 841 674 872 dubitamus
698 844 757 871 ete.
804 841 845 871 Et
873 840 957 881 quod
987 839 1111 880 pedites
1137 844 1258 870 armate
1284 839 1446 873 Siciliane,
1479 840 1531 880 qui
1556 849 1627 869 cum
1653 849 1690 869 eo
1716 842 1815 873 erant,

168 893 403 925 adscenderunt
426 893 546 933 galeas

416 1007 502 1041 494.
545 1006 696 1041 Litterm*
723 1007 768 1040 ml
797 1006 912 1040 <liccem
942 1005 1124 1039 Calabriae
1152 1005 1290 1039 alterae.
1396 1005 1483 1048 Sept.
1500 1006 1563 1038 27¹.

128 1104 150 1122 15
283 1081 380 1120 Copia
397 1080 449 1121 (c.)
474 1081 583 1111 z'bidmn
608 1080 627 1112 Z.
640 1092 664 1111 c.
689 1080 742 1118 sol.
761 1082 810 1117 ¹77,
836 1080 888 1110 nbi
911 1080 1058 1110 rubrum:
1083 1079 1133 1109 Ad
1159 1078 1321 1109 dominum
1338 1077 1486 1108 Calabrie
1511 1077 1633 1108 ducem.
1661 1095 1696 1098 —
1723 1076 1819 1107 Dedit

170 1134 285 1165 Fieker
308 1132 326 1164 l.
345 1144 368 1163 c.
390 1143 422 1172 2).
441 1133 502 1161 104
526 1142 574 1162 ην.
592 1132 653 1161 Iso*
675 1143 713 1162 (w
736 1142 762 1162 e.
809 1131 889 1162 Item
913 1131 1089 1169 repetimus.

279 1218 417 1249 Domino
442 1217 514 1248 duci
539 1217 687 1248 Calabrie
782 1227 838 1257 pro
864 1220 955 1257 parte
981 1216 1072 1246 offitii
1096 1215 1206 1257 populi
1231 1218 1262 1245 et
1286 1214 1462 1245 communis
1486 1213 1656 1243 Florentio.

278 1269 357 1300 Post
381 1269 459 1299 alias
489 1272 609 1299 nostras
638 1268 792 1308 repetitas
822 1268 964 1298 litteras¹
989 1268 1188 1298 continentes
1218 1266 1349 1297 festinos
1381 1275 1546 1305 processus
1569 1264 1686 1294 Bavari
1711 1274 1818 1294 versus

170 1322 261 1353 Pisas
290 1321 330 1351 de
354 1321 515 1351 Maritime
544 1320 687 1360 partibus
717 1330 791 1350 vere
816 1319 984 1350 habuimus
1013 1322 1045 1349 et
1076 1318 1245 1355 habemus,
1282 1317 1367 1357 quod
1396 1317 1463 1356 ipse
1488 1316 1631 1346 Bavarus
1655 1315 1704 1346 die
1728 1315 1818 1345 XXI.
1832 1322 1934 1348 Septen.

127 1387 153 1406 20
171 1373 263 1404 huius
286 1373 404 1402 mensis
433 1372 560 1402 intravit
590 1382 660 1401 cum
686 1370 743 1400 ΙΙᾸΙ
770 1370 923 1401 militibus
953 1374 984 1401 et
1010 1370 1152 1411 pluribus
1181 1370 1284 1409 ipsam
1314 1368 1476 1398 civitatem
1506 1367 1627 1397 utinam
1652 1366 1821 1397 infeliciter

170 1436 227 1466 pro
253 1423 367 1454 eodem
398 1426 429 1454 et
452 1423 538 1464 quod
562 1423 625 1453 iam
653 1420 694 1453 ad
719 1423 880 1453 civitatem
907 1422 1034 1452 Pistorii
1059 1425 1131 1462 post
1154 1420 1429 1460 recuperationem
1455 1419 1549 1448 castri
1579 1421 1610 1448 et
1640 1417 1752 1448 rocche
1781 1417 1821 1448 de

173 1476 388 1516 Carmignano
420 1486 477 1515 per
510 1474 671 1505 dominum
703 1485 818 1515 guerre
847 1475 1051 1514 capitaneum
1081 1477 1112 1503 et
1141 1472 1287 1502 ducalem
1317 1470 1501 1511 generalem
1530 1470 1680 1500 vicarium
1706 1469 1821 1499 factam

171 1528 297 1558 noviter
322 1527 492 1557 destinavit
523 1530 555 1557 et
585 1526 670 1566 quod
699 1529 772 1556 ante
802 1526 900 1566 ipsius
924 1526 1087 1555 introitum
1116 1527 1206 1554 erant
1234 1525 1264 1553 in
1288 1521 1468 1552 civitatibus
1493 1521 1648 1557 pisarum,
1672 1521 1758 1551 Luce
1786 1530 1822 1550 ae

172 1579 300 1609 Pistorii
325 1578 443 1609 milites
467 1578 557 1608 mille
582 1578 747 1618 quingenti
771 1577 893 1618 absque
917 1577 1001 1615 aliis,
1031 1577 1085 1617 qui
1108 1575 1148 1605 ad
1173 1586 1246 1606 eum
1271 1575 1398 1604 venient
1423 1577 1454 1604 et
1478 1573 1536 1613 ipsi
1561 1571 1761 1602 adherebunt
1786 1571 1824 1601 de

129 1642 153 1661 25
173 1630 326 1671 proximis
351 1629 495 1670 partibus
525 1632 556 1659 et
580 1630 720 1659 remotis.
768 1628 809 1659 Et
839 1628 924 1669 quod
949 1629 1015 1658 sine
1045 1627 1197 1657 dilatione
1226 1625 1361 1656 intendit
1392 1628 1501 1654 eontra
1526 1634 1582 1653 nos
1611 1623 1715 1653 facere
1745 1633 1823 1663 quas

174 1681 290 1722 poterit
314 1681 480 1711 novitates
514 1680 554 1710 Et
576 1680 650 1710 ideo
675 1690 745 1710 cum
763 1691 825 1710 non
842 1680 882 1710 sit
906 1679 995 1709 nobis
1020 1679 1162 1719 potentia
1180 1676 1373 1708 defendendi
1391 1679 1450 1706 ete.

279 1732 363 1763 Data
380 1731 551 1762 Florentie.
577 1731 628 1762 die
653 1731 791 1762 XXVII.
811 1731 910 1772 Sept.7
934 1731 1009 1761 XII.
1034 1730 1098 1760 ind.

269 1907 341 1941 495.
378 1905 646 1941 IOHANNIS
672 1905 794 1940 XXII.
821 1904 994 1939 PAPAE
1019 1901 1285 1939 LITTERAE
1310 1900 1384 1935 AD
1410 1897 1723 1934 CAPITULUM

805 1959 980 1995 THOLO
990 1958 1193 1994 SANUM.

131 2047 156 2066 ³0
836 2027 944 2062 13028.
986 2027 1086 2070 Sept.
1113 2027 1168 2061 13.

285 2120 382 2159 Copia
399 2121 452 2159 (c.)
479 2120 510 2150 in
527 2119 727 2159 Regseslorwn
748 2119 970 2149 Vaticanorum
995 2116 1148 2147 tabularii
1172 2115 1320 2146 Vaticani
1343 2118 1414 2146 lom.
1433 2113 1513 2144 115¹
1535 2113 1588 2150 fol.
1604 2114 1663 2142 115
1686 2122 1735 2142 nr.
1750 2112 1821 2142 658.

174 2170 411 2210 Descripsimus
433 2182 498 2202 uos.
524 2190 562 2193 —
588 2171 754 2202 Ivecle'l'ztm.

286 2230 360 2270 Rey.
385 2231 487 2261 Lo‘her
514 2230 575 2261 Ioco
604 2241 701 2269 supra
732 2230 775 2260 αιῑ
806 2240 853 2260 nr.
871 2231 934 2259 243
964 2229 1058 2259 citato
1083 2238 1117 2267 1¹·
1136 2227 1199 2256 227
1226 2237 1275 2257 m:
1294 2226 1370 2256 590:
1398 2223 1685 2264 Preger-Reiulcens
1709 2233 1743 2261 Ζ).
1760 2222 1824 2252 262

175 2292 224 2313 w.
241 2282 313 2313 444.

132 2358 158 2377 35
288 2342 336 2379 Cf.
359 2351 458 2380 supra
482 2352 530 2372 ην.
544 2341 615 2373 487.

283 2426 487 2468 Capitulariis
512 2426 597 2457 urbis
621 2431 654 2457 et
677 2426 818 2456 suburbii
840 2425 1023 2455 Tholosani.

282 2478 397 2509 Missos
420 2488 521 2518 nuper
545 2478 585 2508 ad
608 2482 749 2508 nostram
767 2477 966 2518 presenciam
983 2479 1106 2506 vestros
1123 2474 1361 2504 ambaxiatores
1385 2476 1417 2502 et
1440 2471 1571 2501 nuncios
1594 2469 1730 2509 benigne
1748 2468 1820 2497 mit—

178 2529 317 2560 teneium
342 2528 596 2559 consideratione
621 2530 827 2569 ipsorumque
856 2528 1022 2558 missorum
1052 2525 1220 2566 probitatis
1249 2524 1383 2554 obtentu
1410 2522 1589 2561 recepimus
1617 2522 1650 2550 et
1677 2528 1738 2559 que
1762 2518 1820 2557 ipsi

178 2591 235 2621 pro
259 2583 349 2621 parte
374 2583 480 2610 vestra
505 2579 677 2620 prudenter
701 2584 733 2610 et
758 2579 892 2609 facunde
919 2588 1024 2609 eoram
1049 2576 1139 2607 nobis
1168 2578 1357 2606 curaverunt
1386 2581 1565 2614 proponere
1590 2573 1757 2609 vestreque
1781 2568 1820 2598 ab

136 2648 161 2666 ω
181 2632 226 2662 eis
250 2635 357 2662 nostro
383 2631 576 2671 apostolatui
598 2634 781 2672 presentate
798 2630 903 2660 littere
921 2629 1135 2666 continebant.
1161 2627 1330 2667 diligenter
1353 2624 1568 2654 intelleximus
1593 2625 1624 2651 et
1648 2620 1686 2651 clo
1708 2620 1821 2650 oblatis

286 2717 311 2748 1)
331 2716 422 2749 Supra
443 2720 554 2742 1122491.
