2205 3025
143 786 167 803 10

141 1042 163 1060 15

137 1555 160 1574 25

137 1811 161 1830 30

135 2069 160 2088 35

134 2325 160 2343 40

137 2580 161 2598 45

468 118 562 145 ACTA
582 119 693 145 REGNI
714 119 898 147 LUDEWICI
918 121 964 148 1V.
984 121 1028 147 ΕΤ
1048 120 1231 148 FRIDERICI
1251 122 1298 148 III.
1338 123 1410 149 1329.
1448 123 1566 151 N1·.539.
1770 129 1832 158 449

443 248 527 282 ’539-
570 249 713 293 Levatio
743 251 789 284 ad
815 251 1001 286 Rolwrtam
1031 263 1137 296 restem
1166 253 1314 288 Siciliae.
1419 255 1574 290 Ian.17.

287 321 384 360 Copia
411 322 462 359 (c.)
489 321 598 352 ibidem
622 321 682 353 Lc.
710 323 763 360 fol.
781 323 809 360 5,
839 324 893 354 ubi
926 325 1071 356 rubrum:
1102 326 1155 356 Ad
1182 327 1306 367 regiam
1337 328 1544 360 maiestatem
1573 330 1756 362 ambaxata.
1793 351 1831 354 —

184 370 282 401 Dedit
304 370 419 402 Fieker
442 371 461 402 l.
478 382 502 402 c.
522 382 555 411 p.
574 374 635 402 116
657 384 705 404 ην.
722 375 785 404 214
809 385 846 405 θα)
869 386 895 406 0.
942 376 1022 407 Item
1046 378 1246 416 repetamus&

295 431 345 471 Cf.
369 431 485 462 Μελ-61·
508 431 526 462 l.
544 442 568 462 c.
590 442 622 470 p.
643 433 704 463 117
726 444 776 465 ur.
788 434 861 465 215.

292 517 476 547 Ambaxata
518 517 558 547 ad
597 519 846 559 suprascriptam
885 521 1006 560 regiani
1046 522 1246 552 maiestatem
1293 533 1350 563 per
1387 526 1623 566 suprascriptos
1666 527 1831 558 ambaxia-

185 571 270 599 tores
293 568 410 599 fienda.

294 623 320 651 1.
355 620 463 650 Primo
489 620 619 660 quidem
644 624 704 651 etc.
730 622 1001 653 recommendent.

292 673 320 701 2.
354 670 500 702 Secundo
533 671 640 702 dicant
671 671 808 713 qualiter
840 672 1016 704 Florentini
1046 675 1076 704 in
1107 685 1235 705 suorum
1266 677 1447 717 sapientum
1479 678 1702 710 collationibus
1731 681 1831 712 dedu-

183 725 306 762 centes,
336 722 411 763 quid
436 726 519 753 esset
542 723 650 753 utilius
677 734 733 764 pro
759 724 956 754 exaltatione
981 728 1088 755 sancte
1112 727 1223 756 matris
1247 728 1382 758 ecclesie
1411 739 1447 759 ac
1473 730 1561 770 regie
1593 731 1769 762 maiestatis
1792 743 1831 764 ac

186 774 319 804 tuitione
349 773 606 804 Florentium-um
637 774 836 815 aliorumque
871 775 1060 806 devotorum
1089 777 1388 818 circumpositarum
1420 781 1558 820 partium
1588 782 1831 824 previdendum,

182 825 313 856 tandem
338 824 482 856 omnibus
513 826 542 855 in
573 825 861 856 considerationem
891 826 1033 857 debitam
1062 827 1133 857 111110
1164 828 1238 859 inde
1267 829 1414 860 deductis
1445 835 1568 862 matura
1600 833 1831 866 deliberatione

182 877 337 917 premissa
368 876 574 907 adverterent
601 880 728 917 aperte,
760 877 845 918 quod
876 878 1077 908 considerata
1106 879 1207 909 vicina
1235 880 1349 919 grandi
1380 884 1524 921 potentia
1557 883 1687 914 danuati
1715 885 1832 917 Bavari

182 927 382 968 aliorumque
406 928 543 958 hostium
567 929 665 968 ipsius
690 929 840 967 ecclesie⁷
872 932 935 959 tam
966 940 1060 970 qnam
1087 940 1167 960 nunc
1192 930 1312 961 habent
1336 942 1431 972 qnam
1457 944 1527 964 eam
1553 945 1647 974 quam
1671 936 1701 965 in
1726 936 1831 968 futuro

183 978 302 1010 habere
328 978 512 1020 disponunt,
545 983 576 1010 et
604 981 733 1010 attentis
757 981 952 1021 gravissimis
982 981 1131 1011 oneribus
1164 992 1392 1022 expensarum,
1423 994 1484 1024 que
1516 984 1707 1017 Florentinis
1736 988 1831 1029 longe

184 1033 314 1062 actenus
345 1030 566 1061 incumberunt
595 1034 627 1061 et
654 1031 854 1067 incumbunt,
884 1042 945 1062 non
975 1036 1058 1062 essct
1089 1033 1134 1063 eis
1166 1034 1318 1074 possibile
1353 1045 1386 1065 se
1416 1035 1560 1076 aliosque
1591 1037 1832 1078 circumpositos

183 1081 296 1113 fideles
320 1082 456 1112 ecclesie
481 1085 513 1113 et
537 1082 670 1113 devotos
698 1083 832 1113 ecclesie
857 1094 893 1113 ae
919 1084 1006 1123 regie
1036 1084 1212 1115 maiestatis
1237 1085 1438 1125 aliquatenus
1469 1087 1636 1118 defensare
1667 1088 1832 1131 alia[s]que

183 1144 281 1175 agere
305 1138 339 1164 ut
363 1133 583 1164 desiderarent
607 1134 647 1165 ad
672 1134 912 1175 depressionem
938 1135 1080 1166 eiusdem
1100 1136 1215 1166 Bavari
1244 1147 1437 1178 suorumque
1460 1138 1652 1178 complicum
1675 1144 1707 1170 et
1730 1141 1832 1172 fauto-

181 1195 250 1216 rum
274 1185 341 1216 sine
365 1185 487 1226 potenti
512 1185 648 1216 exfortio
667 1187 777 1216 matris
800 1186 934 1217 ecclesie
959 1190 1054 1227 atque
1080 1188 1166 1227 regie
1192 1188 1380 1225 maiestatis„
1406 1192 1437 1219 et
1461 1189 1598 1229 qualiter
1622 1191 1681 1230 ipsi
1699 1191 1830 1223 Floren-

181 1237 237 1267 tini
261 1236 463 1267 intendentes
488 1240 579 1268 caute
596 1236 777 1268 Romanam
803 1238 973 1268 ecclesiam
999 1242 1031 1268 et
1055 1238 1218 1269 dominum
1243 1250 1335 1270 suum
1354 1239 1515 1270 dominum
1543 1251 1700 1272 summum
1727 1245 1831 1283 ponti-

138 1300 149 1318 2
181 1288 274 1319 ficem
304 1288 334 1318 in
364 1288 501 1329 negotiis
534 1288 713 1319 huiusmodi
748 1289 830 1319 adeo
861 1290 1018 1329 excitare,
1065 1290 1150 1330 quod
1180 1301 1218 1321 ea
1253 1295 1286 1321 ut
1319 1290 1413 1322 dccet
1447 1295 1611 1322 assumant
1638 1293 1770 1324 viriliter
1801 1300 1833 1326 et

181 1342 338 1380 potenter.
386 1339 600 1370 Advertentes
625 1344 656 1370 ct
672 1340 847 1371 Florentini
872 1341 1006 1381 predicti
1032 1342 1061 1371 in
1087 1341 1145 1371 1100
1172 1342 1332 1382 provideri
1349 1343 1592 1373 necessitatibus
1616 1345 1712 1384 regiis
1735 1348 1831 1387 atque

180 1390 437 1421 Florentinorum
463 1392 602 1431 ipsorum
628 1395 659 1422 et
684 1391 934 1423 condevotoruin
960 1397 992 1422 et
1015 1393 1149 1423 alioruin
1175 1397 1207 1423 et
1231 1394 1481 1432 considerantes,
1506 1398 1624 1435 quanta
1649 1406 1705 1436 pre
1730 1398 1830 1428 0111111-

181 1442 239 1472 bus
270 1442 350 1472 fides
378 1442 471 1472 datur
502 1454 559 1483 per
588 1443 750 1474 dominum
776 1448 917 1475 nostrum
942 1444 1119 1484 predictum
1145 1444 1274 1475 domino
1300 1446 1495 1476 Lombardie
1520 1447 1638 1486 legato,
1664 1447 1703 1477 ad
1728 1449 1831 1489 ipsum

180 1493 375 1524 Lombardie
400 1493 541 1534 legatum
567 1505 640 1525 suos
664 1495 811 1525 solennes
836 1497 960 1526 nuntios
984 1496 1179 1526 destinarunt
1205 1497 1245 1527 ad
1276 1497 1519 1537 supplicandum
1545 1498 1649 1528 eidem
1680 1502 1831 1540 tanquam

181 1544 283 1576 locum
314 1546 434 1576 tenenti
466 1545 609 1576 eiusdem
638 1547 772 1577 ecclesie
803 1557 840 1577 ae
865 1548 1041 1587 apostolice
1070 1549 1262 1587 sanctitatis,
1293 1550 1381 1578 cuius
1411 1550 1440 1578 in
1471 1549 1530 1578 hiis
1559 1553 1590 1579 et
1618 1550 1707 1590 regia
1737 1562 1832 1582 causa

181 1596 399 1637 principaliter
422 1597 540 1637 agitur,
566 1602 723 1638 quatenus
748 1598 934 1638 dignaretur
958 1603 1031 1629 ante
1059 1602 1185 1639 teinpus
1210 1610 1377 1630 0001111010,
1404 1604 1436 1630 et
1460 1601 1644 1640 providere,
1670 1603 1831 1642 quomodo

181 1651 213 1678 et
236 1658 298 1689 quo
324 1647 433 1678 ordine
458 1652 601 1689 tempore
619 1653 784 1690 oportuno.
810 1649 894 1690 quod
920 1651 1099 1690 proximum
1125 1661 1194 1681 esse
1213 1651 1416 1691 dignoscitur,
1443 1656 1612 1682 concurrat
1635 1654 1664 1682 in
1690 1655 1831 1694 partibus

179 1699 246 1729 istis
271 1702 303 1729 et
326 1699 409 1733 aliis.
438 1699 478 1730 ad
503 1710 581 1740 quas
605 1701 746 1731 tirannus
774 1701 842 1741 ipse
867 1712 937 1731 cuin
964 1712 1020 1731 suo
1046 1703 1193 1732 transiret
1219 1702 1373 1741 exfortio„
1405 1703 1476 1732 talis
1502 1706 1533 1733 01
1566 1706 1653 1734 tanta
1678 1707 1830 1745 1101001111,

180 1761 241 1791 (1110
270 1750 462 1781 Florentinis
497 1755 528 1781 et
555 1751 625 1781 aliis
653 1751 776 1783 devotis
812 1752 962 1793 predictis
991 1764 1052 1783 non
1088 1754 1190 1783 solum
1221 1753 1263 1784 ad
1296 1764 1406 1784 eorum
1433 1754 1672 1793 defensionem,
1705 1756 1760 1787 sed
1790 1758 1831 1787 ad

180 1802 278 1842 ipsius
301 1802 418 1833 Bavari
448 1803 666 1833 confusionem
696 1804 864 1834 sufficiat2.
916 1804 956 1834 Et
987 1803 1123 1845 qualiter
1152 1805 1227 1845 ipsis
1256 1805 1519 1835 ambaxatoribus
1544 1806 1737 1837 Florentinis
1761 1809 1829 1838 cxi-

180 1853 335 1883 stentibus
358 1854 388 1883 in
406 1854 533 1884 civitate
551 1853 694 1885 Bononie
712 1855 858 1885 dominus
883 1855 1008 1895 legatus
1033 1856 1191 1895 predictus
1216 1856 1331 1886 auditis
1354 1857 1489 1886 narratis
1514 1857 1619 1887 eidem
1645 1858 1831 1890 collationes

179 1914 250 1934 cum
268 1905 465 1945 sapientibus
489 1907 665 1936 communis
682 1906 824 1937 Bononio
851 1914 882 1937 et
907 1907 1002 1947 ipsius
1020 1906 1212 1937 Florentinis
1230 1907 1491 1938 ambaxatoribus
1517 1908 1637 1947 habuit7
1662 1910 1692 1939 in
1717 1910 1830 1950 quibus

179 1956 260 1987 inter
284 1959 391 1987 cetera
416 1957 511 1994 venit,
537 1958 621 1998 quod
646 1959 859 1988 necessarium
886 1958 1055 1989 videbatur
1078 1959 1287 1989 consideratis
1312 1959 1462 1999 predictis
1488 1963 1520 1989 et
1544 1960 1624 1999 aliis,
1649 1971 1710 2001 que
1735 1961 1830 1992 latius

179 2006 273 2037 scribi
295 2011 436 2048 possent,
468 2009 553 2049 quod
584 2009 665 2039 inter
688 2012 824 2040 matrem
849 2009 1035 2046 ecelesiam,
1069 2011 1191 2050 regiam
1216 2011 1432 2049 maiestatem,
1467 2012 1649 2042 communia
1674 2012 1829 2051 Bononio,

181 2057 351 2097 Senarum,
375 2059 499 2089 Perusii
525 2070 560 2089 ac
586 2059 748 2090 Florentie
779 2064 810 2091 et
837 2061 899 2090 alia
928 2061 1153 2102 circumposita
1184 2062 1336 2092 inferiora
1365 2062 1546 2092 communia
1579 2063 1645 2093 sine
1676 2063 1830 2094 dilatione

178 2109 335 2140 habeatur
360 2114 391 2140 et
414 2110 469 2140 fiat
493 2111 581 2141 tallia
605 2111 644 2141 de
662 2112 800 2152 quinque
819 2111 945 2142 milibus
962 2112 1203 2142 ultramontanis
1228 2112 1380 2143 militibus
1404 2113 1486 2143 inter
1510 2113 1670 2154 predictos
1693 2118 1829 2145 matrem

179 2161 360 2200 eeclesiam,
393 2162 513 2202 regiam
546 2162 746 2193 maiestatem
778 2166 810 2192 et
841 2162 987 2203 predicta
1015 2164 1276 2203 supranominata
1310 2167 1342 2194 et
1373 2164 1436 2194 alia
1466 2164 1617 2195 inferiora
1648 2167 1828 2196 communia

179 2211 368 2243 dividendis.
415 2213 456 2243 Et
480 2214 617 2253 qualiter
641 2214 740 2244 visum
765 2214 825 2244 fuit
849 2214 976 2244 domino
1002 2215 1109 2253 legato
1134 2214 1293 2255 predicto,
1328 2215 1411 2256 quod
1441 2226 1480 2245 ex
1506 2215 1657 2256 predictis
1687 2217 1825 2257 quinque

179 2263 265 2294 milia
289 2264 441 2294 militibus
467 2264 528 2294 (1110
558 2265 644 2295 milia
669 2266 833 2306 quingenti
862 2276 920 2306 per
947 2266 1049 2306 ipsam
1075 2265 1243 2296 ecclesiam
1276 2270 1308 2297 et
1338 2267 1459 2306 regiam
1486 2268 1688 2298 maiestatem
1719 2271 1751 2297 et
1775 2269 1826 2298 alii

180 2314 241 2345 duo
270 2316 358 2346 milia
386 2319 417 2346 et
445 2316 609 2357 quingenti
640 2326 697 2356 per
726 2317 831 2346 onmia
862 2317 1046 2357 supradicta
1076 2318 1256 2347 communia
1286 2318 1472 2348 habeantur.
1530 2318 1570 2348 Et
1601 2319 1738 2358 qualiter
1770 2329 1826 2358 pro

178 2366 395 2406 predictorum
433 2367 622 2398 executione
658 2368 753 2398 celeri
788 2368 923 2408 predicti
959 2368 1104 2398 dominus
1141 2369 1266 2409 legatus
1302 2372 1333 2399 et
1367 2379 1534 2399 commune
1574 2369 1715 2399 ssononie
1751 2380 1823 2399 suos

179 2417 326 2448 solennes
350 2417 576 2448 ambaxatores
606 2418 646 2449 ad
671 2429 839 2449 commune
864 2419 1026 2449 Florentio
1052 2420 1250 2450 destinarunt
1274 2424 1305 2451 et
1330 2420 1491 2451 destinant
1513 2420 1553 2450 ad
1578 2421 1680 2460 ipsam
1704 2422 1825 2460 regiam

179 2468 382 2499 maiestatem
413 2472 445 2500 et
479 2469 519 2499 ad
547 2469 633 2500 dicta
661 2470 842 2500 communia
869 2470 993 2500 Perusii
1024 2473 1055 2500 et
1083 2469 1239 2500 Senarum
1269 2475 1301 2502 et
1330 2471 1409 2501 alios
1445 2471 1670 2502 ambaxatorcs
1699 2472 1824 2501 mittere

180 2519 347 2549 intendunt
371 2519 411 2550 ad
436 2519 597 2550 dominum
622 2531 780 2551 summmn
806 2520 987 2561 pontificem
1011 2521 1103 2551 simul
1128 2531 1199 2551 cum
1224 2522 1487 2552 ambaxatoribus
1512 2523 1724 2552 communium
1752 2532 1824 2561 pre-

181 2568 346 2600 dictorum.
397 2570 438 2600 Et
462 2571 537 2601 licet
560 2574 594 2600 ut
616 2571 791 2611 predicitur
814 2571 989 2601 Florentini
1014 2572 1149 2611 predicti
1173 2572 1235 2602 sint
1257 2573 1504 2613 importabiliter
1528 2573 1652 2612 fatigati
1677 2572 1825 2602 oneribus

180 2630 407 2660 expensarum„
437 2621 659 2651 nichilominus
687 2622 790 2662 parati
818 2625 889 2652 sunt
919 2622 958 2652 de
991 2622 1076 2653 dicta
1104 2633 1229 2653 summa
1257 2623 1391 2654 duorum
1425 2624 1545 2654 milium
1580 2624 1821 2663 quingentorum

284 2714 309 2745 1)
335 2713 374 2745 Cf.
396 2714 555 2739 Dar-[thelim
575 2714 740 2740 ‘'Geschichte
760 2723 809 2740 ron
830 2715 955 2740 Florens’
975 2715 1034 2746 III,
1050 2718 1098 2740 1362
1117 2718 1170 2740 not.
1183 2718 1206 2741 3.
1312 2717 1337 2747 2)
1364 2717 1402 2748 Cf]
1427 2716 1524 2741 Fica-er
1543 2716 1558 2740 l.
1573 2723 1593 2740 c.
1606 2724 1634 2747 1³-
1650 2718 1695 2739 1(th
1713 2722 1754 2739 ur.
1770 2716 1823 2739 1:²53.

284 2781 322 2799 LL.
332 2781 556 2800 comni-cnonas
571 2782 605 2800 v1.
1586 2774 1618 2798 :⁷17
