2205 3025
161 701 185 720 10

160 958 184 976 15

158 1213 182 1231 20

159 1476 182 1494 25·

159 1734 184 1752 30

159 1990 182 2009 35

158 2246 182 2263 40

159 2500 183 2517 45

480 139 576 166 ACTA
596 140 707 166 REGNI
730 140 910 166 LUDEWICI
929 141 975 166 IV.
995 140 1038 166 ET
1060 139 1243 165 FR-IDERICI
1264 139 1310 164 111.
1349 137 1423 164 1328.
1460 138 1507 164 Nr.
1521 138 1579 164 437.
1794 141 1855 170 355

203 230 387 257 sanctorum
418 230 544 266 patrum
574 227 788 257 institutorum
820 227 1008 267 religionum
1043 227 1150 257 obviat
1180 225 1359 256 manifeste.
1414 224 1561 255 Secunda
1592 228 1640 255 est
1670 225 1755 265 quod
1786 225 1854 265 ipse

205 277 506 307 determinationem
531 281 562 307 et
587 277 808 308 diffinitionem
833 282 941 308 sancte
959 278 1105 308 Romane
1130 277 1265 308 ecclesie
1289 277 1319 306 in
1341 276 1541 316 preallegata
1559 276 1712 307 decretali
1728 275 1854 307 ‘Exiit'y

203 329 341 370 positam
366 331 398 358 et
422 328 573 359 insertam
597 332 630 358 et
653 339 710 369 per
734 329 852 359 dictum
876 330 1027 369 generale
1046 329 1206 359 Vienense
1231 328 1398 358 concilium
1424 328 1519 358 totius
1544 327 1678 358 ecclesie
1696 328 1854 359 catholice

205 379 434 420 conprobatam
465 379 640 410 hereticam
674 380 824 420 deinceps
855 380 1049 410 censendam
1078 380 1242 415 iudicavit‚
1272 380 1302 409 in
1334 390 1397 420 qua
1427 379 1580 410 decretali
1610 380 1680 419 ipsa
1707 379 1854 410 Romana

204 431 341 461 ecclesia
364 431 394 461 in
420 431 478 461 hec
502 430 600 461 verba
625 430 783 461 diffinivit:
808 431 965 461 ‘Dicimus'
987 431 1071 471 quod
1095 431 1255 461 abdicatio
1281 431 1484 471 proprietatis
1508 431 1648 460 onmium
1666 441 1771 460 rerum
1789 435 1853 461 tam

204 483 235 512 iu
266 482 397 522 speciali
426 492 521 522 quam
553 482 648 512 etiam
680 482 710 511 in
742 483 901 512 communi
932 486 1063 522 propter
1093 482 1198 512 Deum
1228 482 1392 512 meritoria
1424 485 1472 511 est
1496 484 1528 512 et
1552 485 1670 521 sancta7
1703 492 1796 522 quam
1823 485 1855 512 et

203 534 347 564 Christus
372 534 454 564 viam
478 533 704 574 perfectionisz
729 533 900 563 ostendens
924 533 1021 563 verbo
1051 533 1158 563 docuit
1182 537 1214 564 et
1238 534 1390 573 exemplo
1414 533 1552 563 firmavit
1577 543 1737 574 quamque
1761 534 1854 574 primi

203 584 388 616 fundatores
412 585 547 615 ecclesie
572 584 746 623 militantis„
772 588 865 624 prout
889 584 929 614 ab
954 585 1022 624 ipso
1047 585 1134 615 fonte
1159 585 1340 616 hauserant.
1364 586 1395 614 in
1420 585 1563 615 volentes
1588 585 1730 624 perfecte
1747 585 1855 615 vivere

202 647 260 677 per
282 637 425 667 doctrine
449 647 485 667 ae
502 637 565 666 vite
591 637 730 676 ipsorum
754 636 864 666 alveos
889 635 1115 666 (101·1ν111111111.Ἰ
1154 635 1248 666 Unde
1273 647 1344 666 eum
1370 639 1506 666 testante
1531 646 1652 666 canone
1677 636 1813 666 ecclesia
1837 647 1856 666 a

206 692 293 719 reeta
321 688 384 718 fide
414 691 446 718 et
477 688 653 728 apostolice
684 687 827 717 doctrine
857 687 1028 717 traditione
1060 687 1189 717 deviare
1220 698 1281 717 non
1308 688 1414 718 valeat
1445 698 1501 717 nee
1531 698 1636 717 errare
1673 691 1705 717 et
1732 687 1792 717 hoc
1821 691 1855 717 ut

203 739 323 770 dictum
359 743 406 770 est
440 739 480 770 ad
509 739 676 769 articulum
706 738 779 768 fidei
807 738 851 768 ‘et
874 749 967 768 unam
994 743 1137 769 sanctam
1161 739 1350 769 catholicam
1381 743 1412 769 et
1441 739 1649 779 apostolicam
1675 738 1856 769 ecclesiam3

202 792 382 827 reducatur,
407 791 550 831 sequitur
573 790 659 831 quod
683 791 750 830 ipse
776 790 934 820 hereticus
958 790 1008 819 ina
1033 791 1135 830 ipsum
1159 790 1325 820 articulum
1353 790 1425 820 fidei
1449 791 1655 821 veliementer
1678 790 1854 831 impingitb,

203 854 261 873 nec
289 842 432 883 predicte
464 842 642 872 diffinitioni
669 842 804 872 ecclesie
829 841 1015 881 evangelica
1039 851 1095 871 seu
1119 841 1296 881 apostolica
1320 841 1452 871 historia
1469 841 1666 877 ‹1·ont1·adicit,
1691 844 1725 871 ut
1742 843 1855 872 asserit

203 895 361 925 hereticus
386 893 575 927 antedictus,
601 893 656 923 sed
682 893 786 933 potius
811 897 963 923 consonat
988 897 1020 923 et
1043 892 1164 923 alludit.
1202 892 1284 922 Nam
1309 903 1379 922 cum
1405 893 1518 922 beatus
1536 893 1651 923 Petrus
1669 893 1855 933 simpliciter

203 950 235 978 et
258 946 403 977 absolute
432 956 489 986 pro
518 955 551 975 se
576 948 608 975 et
632 945 778 975 munibus
803 944 956 985 apostolis
980 944 1067 974 aliisc
1091 945 1174 974 viam
1207 944 1410 984 perfectionis
1440 948 1602 984 assumpte
1633 945 1854 975 demonstrans

202 997 416 1038 responderit:
441 997 535 1028 ‘Eece
554 1008 610 1027 nos
628 997 813 1037 reliquimus
831 996 957 1028 omnia',
983 1000 1017 1027 ut
1034 997 1222 1037 evangelica
1239 996 1372 1026 historia
1390 1000 1594 1035 protestatur,
1620 1000 1651 1025 et
1668 997 1855 1036 simpliciter

203 1054 235 1080 et
258 1049 403 1080 absolute
428 1049 546 1080 dictum
572 1050 611 1078 sit
635 1048 830 1089 generaliter
854 1047 1085 1088 accipiendum,
1111 1058 1181 1077 eum
1208 1058 1246 1077 ex
1272 1047 1342 1077 aliis
1368 1047 1633 1087 prece4leutil>us⁴¹
1659 1048 1744 1088 quod
1762 1047 1855 1078 aliter

202 1102 302 1141 accipi
336 1100 453 1131 debeat
484 1101 665 1130 nullatenus
698 1101 870 1140 reperitur,
903 1104 934 1129 et
964 1103 1133 1139 utramque
1167 1100 1413 1139 proprietatenu
1444 1099 1566 1128 scilieet
1598 1099 1790 1139 singularem
1823 1102 1854 1129 et

202 1152 404 1193 collegialem
429 1152 555 1191 collegii
582 1152 738 1192 specialis,
768 1162 863 1192 quam
889 1152 1023 1181 alteram
1050 1155 1170 1181 tantum
1196 1151 1376 1191 relinquere
1402 1151 1573 1190 perfectius
1597 1154 1774 1187 censeatur,
1803 1161 1852 1180 se-

203 1205 308 1245 quitur
337 1204 422 1245 quod
451 1204 574 1243 integre
606 1206 638 1233 et
667 1204 808 1244 perfecte
839 1203 878 1233 de
910 1206 1044 1243 utroque
1070 1202 1165 1232 modo
1188 1202 1406 1242 selinquendi,
1436 1202 1557 1232 seilicet
1585 1205 1648 1231 tam
1675 1202 1703 1231 in
1728 1202 1853 1241 spetiali

202 1262 316 1297 quam‘·
345 1257 375 1285 in
405 1255 574 1291 communi„
605 1255 656 1295 qui
688 1255 859 1295 perfectior
887 1258 944 1286 est.
976 1254 1075 1284 debet
1103 1254 1237 1294 intelligi
1267 1254 1439 1283 auctoritas
1464 1253 1656 1293 supradicta
1704 1252 1771 1283 Nec
1797 1252 1854 1282 hiis

201 1308 331 1338 obviare
359 1307 565 1347 dignoscitur,
592 1306 676 1347 quod
701 1307 730 1336 111
758 1306 888 1336 Actibus
911 1306 1130 1346 apostolorum
1155 1306 1300 1340 ‹livien-²,
1325 1305 1409 1346 quod
1438 1308 1529 1335 erant
1553 1305 1613 1334 illis
1636 1305 1742 1334 omnia
1767 1314 1853 1334 com-

201 1360 318 1394 munia,
344 1359 417 1400 quia
440 1360 520 1389 sicut
544 1358 663 1388 ibidem
689 1362 788 1398 patet,
820 1358 959 1398 loquitur
983 1357 1022 1387 de
1048 1358 1277 1387 communitate
1302 1357 1444 1397 generali
1471 1360 1503 1386 et
1526 1355 1695 1386 universali
1720 1356 1853 1386 creden-

202 1412 279 1442 tium
310 1415 342 1441 et
372 1421 434 1441 11011
466 1410 505 1440 de
537 1410 669 1450 speciali
698 1410 925 1440 communitate
956 1410 1021 1439 sive
1053 1409 1189 1449 collegio
1221 1409 1448 1449 apostolorum.
1497 1408 1563 1438 Nee
1593 1408 1675 1438 enim
1707 1408 1854 1448 specialis

202 1463 439 1494 communitatis
462 1463 680 1503 apestolorum
707 1466 796 1492 erant
821 1462 875 1492 illa
899 1463 1090 1494 eommunia,
1115 1461 1170 1491 sed
1189 1462 1349 1499 generalis
1367 1465 1398 1491 et
1416 1461 1602 1490 universalis
1619 1460 1854 1490 communitatis

202 1515 345 1545 fidelium
370 1515 436 1550 sive
465 1513 673 1544 credentium.
721 1513 813 1549 Quod
844 1514 939 1543 etiam
966 1513 1133 1543 evidenter
1157 1513 1272 1553 probat
1297 1513 1531 1553 preallegatum
1557 1511 1730 1551 ‹azpitulum
1755 1511 1854 1540 sancti

203 1566 377 1597 Clementis
403 1564 454 1607 [0.]
478 1565 552 1595 XII.
579 1565 664 1606 quod
694 1566 801 1605 incipit
825 1564 1079 1598 ‘suh-ctissimisss
1104 1575 1175 1594 cum
1201 1565 1288 1595 dicit:
1319 1565 1521 1594 ‘Communis
1547 1564 1608 1593 vita
1638 1562 1783 1592 omnibus
1807 1566 1854 1592 est

201 1618 391 1649 necessaria.
416 1618 554 1647 maxime
580 1617 639 1646 hiis
663 1618 713 1657 qui
734 1616 802 1646 Deo
828 1616 1155 1657 ini-01›relu-nsibiliter
1172 1617 1309 1646 militare
1328 1616 1457 1656 ‹1·upiunt
1475 1620 1506 1645 et
1523 1616 1618 1645 vitam
1637 1614 1853 1654 apostolorum

203 1680 377 1709 eorumque
403 1668 628 1709 discipulorum
655 1669 788 1698 imitaris
814 1668 932 1698 volunt.
973 1668 1158 1698 Communis
1184 1669 1266 1697 enim
1292 1678 1366 1697 usus
1392 1668 1531 1697 omnium
1557 1676 1619 1707 que
1645 1669 1715 1695 sunt
1740 1666 1769 1695 in
1796 1665 1854 1695 hoc

202 1721 320 1751 mundo
346 1720 493 1750 omnibus
518 1730 587 1750 esse
620 1720 737 1750 debuit.
785 1720 847 1749 Sed
879 1731 935 1760 per
964 1721 1163 1760 iniquitatem
1193 1720 1273 1749 alius
1303 1719 1384 1749 dixit
1414 1719 1473 1748 hoe
1499 1729 1567 1748 esse
1593 1728 1693 1750 suum,
1719 1723 1751 1747 et
1775 1717 1854 1746 alius

201 1772 284 1803 istud
310 1776 341 1803 et
365 1773 408 1801 sic
433 1773 514 1802 inter
538 1772 689 1801 mortales
714 1772 798 1801 fast-ta
823 1776 871 1801 est
896 1771 1016 1802 divisio.
1054 1771 1093 1801 Et
1117 1773 1197 1801 sicut
1221 1783 1282 1801 non
1308 1774 1413 1811 potest
1437 1770 1532 1800 dividi
1559 1781 1613 1799 aer
1630 1779 1687 1799 nee
1705 1767 1855 1808 splendor

201 1824 286 1863 solis,
311 1825 355 1853 ita
379 1833 436 1853 nec
462 1822 584 1862 reliqua
609 1833 669 1863 que
695 1823 769 1853 data
793 1828 865 1853 suut
889 1823 1070 1854 homiuibus
1093 1823 1133 1853 ad
1158 1823 1342 1853 habendum
1361 1822 1458 1852 dividi
1476 1821 1607 1857 debere,
1632 1821 1688 1850 sed
1706 1819 1855 1850 habenda

203 1876 307 1906 omnia
331 1874 520 1905 eommunia.
559 1874 651 1904 Istius
676 1875 913 1905 consuetudinis
937 1886 1024 1905 more
1050 1878 1174 1905 retento
1198 1875 1335 1914 apostoli
1360 1884 1533 1913 eorumque
1552 1871 1706 1912 discipuli,
1732 1874 1766 1900 ut
1782 1880 1853 1910 pre-

203 1927 320 1958 dictum
347 1930 403 1960 est,
428 1937 491 1956 una
515 1926 679 1956 nobiscum
705 1930 736 1956 et
761 1927 923 1956 vobiscum
946 1937 1147 1957 communem
1167 1927 1264 1956 vitain
1290 1925 1472 1956 duxerunt.3
1507 1924 1555 1954 Ex
1573 1934 1633 1964 (1110
1652 1923 1753 1963 liquet
1769 1921 1853 1962 quod

202 1978 256 2008 illa
279 1988 340 2019 que
366 1979 394 2008 111
420 1977 554 2007 Actibus
578 1978 797 2017 apostolorum
822 1978 971 2018 leguntur
996 1979 1092 2008 fuisse
1117 1979 1311 2012 communia,
1341 1980 1432 2007 crant
1456 1976 1653 2006 communiac
1678 1974 1853 2004 communi-

201 2030 274 2059 tatis
299 2029 458 2069 generalis
482 2033 514 2059 et
538 2030 725 2059 universalis
749 2030 948 2060 credentium
973 2031 1038 2060 sive
1063 2029 1205 2060 fidelium
1231 2034 1262 2059 et
1285 2040 1348 2059 non
1367 2028 1516 2069 specialis
1533 2027 1769 2057 conminuit-atis
1787 2025 1852 2054 sive

201 2081 328 2121 collegii
353 2080 580 2121 apostolorum.
618 2080 649 2111 Si
675 2082 757 2111 enim
785 2082 932 2121 apostoli,
958 2082 1009 2121 qui
1034 2083 1064 2111 in
1083 2082 1166 2111 dicta
1182 2080 1387 2111 multitudiue
1405 2079 1602 2110 credentium
1621 2078 1701 2107 sicut
1718 2076 1853 2107 nobilior

202 2133 303 2172 portio
329 2133 426 2172 ipsius
450 2132 659 2162 multitudinis
684 2132 1050 2173 compi-ehcudebantur,
1075 2133 1260 2163 habuissent
1283 2133 1391 2172 aliqua
1409 2132 1548 2171 ipsorum
1567 2129 1703 2169 collegio
1721 2127 1853 2168 speciali

200 2184 416 2224 appropriata,
447 2187 571 2214 constat
599 2183 684 2224 quod
708 2183 761 2213 illa
787 2185 843 2214 toti
873 2185 1064 2214 111111tit11dini
1091 2184 1288 2215 credentium
1313 2183 1495 2214 eommunia
1520 2192 1580 2211 11011
1607 2180 1748 2215 fuissent,
1780 2180 1853 2220 quia

202 2234 287 2275 quod
311 2238 358 2265 est
382 2236 490 2275 partis⁴
516 2235 611 2265 totius
636 2246 697 2265 non
723 2236 838 2265 existit.
876 2236 917 2266 Et
941 2247 1011 2266 cum
1037 2237 1067 2266 in
1091 2236 1145 2266 illa
1170 2235 1373 2266 multitudine
1400 2235 1502 2264 nullus
1526 2233 1662 2263 haberet
1680 2232 1852 2272 proprium.

202 2287 343 2326 sequitur
367 2286 452 2327 quod
475 2286 623 2326 apostoli,
649 2288 701 2327 qui
727 2292 817 2317 erant
841 2287 879 2317 dc
905 2289 974 2328 ipsa
998 2287 1201 2318 multitudine
1219 2288 1299 2317 sieut
1316 2298 1388 2327 pars
1406 2296 1526 2317 eorum.
1551 2283 1671 2324 aliquid
1689 2283 1852 2323 proprium

202 2337 230 2367 in
260 2337 426 2378 singularif
449 2337 498 2368 vel
529 2338 579 2367 ing
607 2338 747 2378 ipsorum
783 2339 999 2379 apostolorum
1031 2339 1177 2379 spetiali¹¹
1208 2339 1345 2379 collegio
1377 2348 1437 2368 non
1476 2336 1647 2366 habebant.
1695 2334 1762 2364 Nec
1796 2345 1850 2363 ex-

202 2392 291 2419 cusat
314 2389 433 2419 dictum
458 2389 645 2427 hereticum,
670 2390 755 2430 quod
780 2391 846 2430 ipsc
865 2391 894 2420 in
913 2391 997 2421 dicto
1022 2390 1090 2420 suoi
1109 2394 1227 2420 statuto
1252 2389 1346 2425 ‘Quia
1364 2386 1573 2429 quorundam¹¹
1599 2386 1674 2416 dicit
1691 2385 1851 2415 Christum

203 2441 299 2470 etiam
325 2441 431 2481 quoad
456 2441 686 2481 proprietatem
712 2441 832 2471 loculos
865 2441 1014 2472 habuisse
1043 2442 1174 2472 infirmis
1204 2440 1507 2473 condescemleudo,
1540 2438 1612 2478 quia
1641 2440 1674 2467 ut
1705 2436 1799 2466 1110111ἰ
1827 2437 1851 2465 si

203 2491 346 2521 Christus
374 2492 403 2522 in
433 2492 545 2522 loculis
573 2491 737 2523 habuisset
765 2493 985 2523 tantummodo
1011 2504 1101 2523 usum
1130 2493 1206 2523 facti
1231 2492 1419 2532 simplicem,
1446 2492 1560 2520 frustra
1585 2489 1743 2518 diceretur
1767 2487 1850 2526 quod

305 2592 370 2618 437.
403 2594 426 2625 y)
453 2595 496 2626 qui
521 2596 629 2620 seminat
652 2595 712 2619 mm.
732 2594 756 2619 ζ).
854 2600 874 2623 2)
895 2597 1009 2620 veritatis
1029 2594 1052 2619 ⁵2.
1155 2594 1177 2623 ἢ)
1197 2595 1264 2619 deest
1283 2594 1306 2618 3.
1408 2593 1430 2613 111
1459 2593 1561 2624 impegit
1582 2591 1603 2615 1.
1701 2595 1723 2617 c)
1742 2590 1807 2614 (lem
1827 2588 1850 2613 ’2.

202 2634 226 2666 d)
244 2640 268 2660 et
288 2637 505 2668 subsequentibus
524 2638 585 2663 add.
599 2637 622 2662 ἱ).
712 2638 735 2669 ⁶³)
762 2639 838 2662 etiam
859 2639 920 2663 add.
939 2638 962 2663 ἱ).
1039 2638 1058 2667 s)
1078 2639 1190 2670 generali
1212 2638 1233 2662 l.
1323 2642 1346 2658 ἕ)
1373 2637 1440 2660 ἸΨ-’ὀὶ
1461 2636 1481 2660 l·
1573 2634 1597 2661 ¹¹)
1623 2634 1721 2665 ῙὟΕῘῙΠῙῙ
1742 2634 1806 2656 [st‘ffl
1825 2631 1848 2655 2·

201 2674 218 2708 i)
238 2678 304 2703 alces!
322 2678 345 2703 ⁶2.
446 2678 471 2710 k)
491 2681 557 2712 quod
577 2681 638 2705 add.
658 2681 681 2707 2.

307 2756 331 2782 1)
352 2763 372 2780 c.
389 2758 404 2781 3
424 2755 451 2779 iu
477 2755 520 2780 VI.
541 2756 572 2781 de
592 2756 657 2781 verb.
672 2756 765 2789 sissnil'.
781 2756 826 2786 (V,
844 2758 898 2783 12):
917 2757 951 2787 cf.
965 2764 1048 2788 sapiu
1067 2759 1127 2782 tom.
1143 2756 1167 2782 V
1179 2765 1207 2788 [ι.
1224 2759 1268 2781 73]
1289 2756 1301 2780 7>
1318 2759 1409 2786 J‘ssff‘l‘l·
1517 2754 1542 2777 ‘3'
1563 2751 1620 2775 ’1131-
1637 2755 1659 2779 ”“’
1673 2753 1711 2775 ‘33'

1593 2801 1642 2826 423*
