2205 3025
343 128 403 156 5⁴³2
786 120 881 146 ACTA
902 119 1013 145 HEGNI
1034 118 1220 145 LUDEWICI'
1236 118 1282 144 IV.
1322 118 1396 144 1330.
1432 117 1478 143 Nr,
1493 117 1551 144 692.

340 209 476 240 'Romani
501 208 539 238 de
563 207 652 238 Urbe
677 207 800 247 prefata
825 217 882 246 pro
908 206 1097 246 octingentis
1120 205 1248 235 florenis
1273 205 1339 234 auri
1364 204 1413 234 vel
1438 205 1520 234 circa
1537 203 1753 234 venditionem
1769 204 1992 235 nichilominus

341 260 507 290 faciendo-³
531 259 680 299 quodque
706 257 909 298 postmodum
934 260 1090 296 tempore,
1116 266 1177 297 quo
1194 255 1377 286 Ludovious
1402 255 1441 286 de
1458 255 1598 285 Bavaria
1621 255 1721 285 hostis
1744 254 1807 286 Dei
1832 258 1864 286 et
1888 255 1991 286 ecele-

340 313 384 341 sie
410 310 596 340 manifestus
620 320 657 339 ac
682 309 721 339 de
746 309 850 338 heresi
875 307 1130 348 condempnatus
1153 308 1257 348 primo
1282 307 1383 347 ipsam
1408 306 1529 337 Urbem
1554 307 1692 345 intravit,
1717 306 1859 346 prefatus
1883 307 1993 337 Lellus

340 372 419 392 1111115
451 361 489 391 de
523 361 754 401 quinquaginta
783 359 919 395 duobus5
950 359 1004 399 qui
1034 362 1108 389 tunc
1140 359 1243 398 ipsam
1272 357 1393 388 Urbem
1423 357 1594 398 regebant,
1627 357 1731 388 eidem
1761 357 1924 388 Ludovico
1955 367 1993 388 ae

341 414 438 443 l'ctro
477 413 515 442 ‹le
546 411 699 441 Corburio
732 410 935 441 heresiarche
971 420 1007 439 ae
1036 410 1214 440 scismatico
1243 410 1371 450 publice
1403 419 1440 439 ac
1467 410 1591 439 notorie
1620 408 1780 439 adherens
1811 412 1843 439 et
1871 409 1993 447 favens

342 464 479 494 officium
504 462 752 493 marescaloatus
776 462 805 491 in
831 460 944 491 eadem
970 461 1056 491 Urbe
1081 463 1249 501 receperat
1278 471 1314 490 ac
1340 460 1466 501 publice
1497 462 1528 490 et
1551 461 1675 490 notorie
1699 464 1889 491 exercuerat
1917 459 1994 490 inibi

341 516 474 545 offitium
499 517 710 544 memoratum
736 516 768 543 et
791 512 877 553 quod
902 512 1030 542 demum
1057 512 1163 542 omnia
1187 511 1322 552 palatia‚
1347 514 1464 550 turres,
1490 510 1603 541 domos
1627 514 1659 541 et
1683 511 1746 542 alia
1770 511 1896 542 edificia
1920 521 1993 552 pre-

341 566 396 596 fati
425 565 541 606 Angeli
571 569 644 595 tunc
674 574 731 604 pro
760 563 915 594 fidelitate
943 563 1087 593 eiusdem
1118 563 1252 594 ecclesie
1285 566 1377 593 extra
1406 562 1529 593 Urbem
1560 563 1712 592 morantis
1745 563 1882 593 eandem
1912 563 1993 594 infra

340 618 440 657 ipsam
469 617 590 647 Urbem
625 616 830 646 consistentia
865 615 1006 645 diruerat
1043 618 1074 645 et
1109 614 1191 644 dirui
1227 614 1350 644 fecerat
1384 613 1596 654 personaliter
1632 614 1801 654 ipsumque
1832 614 1994 655 Angelum

341 668 625 708 dampnificaverat.
654 670 824 706 propterea
855 665 895 696 ad
926 666 1069 696 valorem
1100 665 1271 696 duodecim
1299 665 1421 695 milium
1450 665 1641 695 florenorum
1672 669 1703 695 et
1729 665 1812 695 ultra
1842 665 1993 706 quodque

341 720 443 750 dictus
460 718 567 749 Lellus
591 721 721 758 propter
745 717 963 751 adhesionem,
989 717 1131 747 favorem
1156 720 1188 747 et
1211 717 1365 747 auxilium
1390 727 1448 757 per
1472 727 1543 746 eum
1561 716 1724 746 Ludovico
1750 719 1782 747 et
1797 717 1895 747 Petro
1920 727 1992 757 pre-

341 771 413 801 fatis
437 771 581 810 impensa
604 779 727 800 necnon
749 772 880 809 propter
903 769 1122 809 receptionem
1148 768 1245 799 officii
1270 768 1439 798 memorati
1464 767 1610 798 omnibus
1634 768 1725 798 bonis
1750 768 1813 798 suis
1837 779 1895 809 per
1918 779 1992 809 pro-

340 832 446 852 cessus
471 826 594 851 nostros
619 823 728 850 contra
753 820 834 850 tales
851 820 979 851 habitos
1002 821 1144 861 privatus
1168 819 1219 850 vel
1242 819 1356 850 saltem
1374 819 1546 860 privandus
1564 819 1726 850 existebat
1743 819 1891 860 dictaque
1910 819 1994 850 bona

341 879 430 905 0111111
455 873 578 914 prefate
604 873 739 903 ecclesie
765 872 976 909 confiscanda,
1001 882 1058 902 nos
1082 871 1138 902 tibi
1163 882 1220 912 per
1244 871 1322 901 alias
1346 874 1470 901 nostras
1494 871 1572 901 certi
1595 871 1714 901 tenoris
1737 871 1883 901 litterasl
1900 870 1992 901 duxi-

340 936 409 956 mus
434 924 709 960 committendum,
734 927 767 954 ut
784 924 975 954 auctoritate
993 926 1101 953 nostra
1118 923 1239 953 vocatis
1263 922 1347 952 dieto
1365 922 1457 952 Lello
1482 926 1514 952 et
1537 921 1607 952 aliis
1632 922 1685 963 qui
1709 922 1814 953 forent
1838 922 1996 953 evocandi

341 977 380 1007 de
406 976 557 1017 predictis
581 975 769 1016 simpliciter
800 978 832 1005 et
860 975 900 1006 de
925 975 1019 1015 plano
1051 985 1088 1005 ac
1117 975 1183 1004 sine
1209 974 1343 1014 strepitu
1372 977 1404 1004 et
1434 974 1535 1014 figura
1559 973 1667 1004 iudicii
1696 977 1726 1004 te
1754 973 1929 1004 informans
1958 984 1995 1004 ac

339 1029 501 1068 inquirens
525 1027 708 1068 diligentius
730 1027 910 1063 veritatem,
935 1027 961 1056 si
984 1025 1041 1056 tibi
1066 1028 1227 1056 constaret
1250 1025 1369 1055 dictum
1392 1025 1519 1055 Lellum
1543 1024 1644 1065 burgo
1669 1028 1701 1056 et
1723 1025 1793 1055 aliis
1816 1025 1908 1055 bonis
1931 1025 1996 1055 suis

340 1080 492 1120 predictis
522 1079 589 1110 fore
622 1082 657 1108 ut
686 1078 846 1119 prefertur
876 1079 1049 1118 privatum,
1080 1078 1184 1118 ipsum
1221 1077 1323 1117 burgo
1360 1079 1393 1107 et
1427 1076 1496 1107 aliis
1533 1076 1624 1107 bonis
1654 1078 1718 1107 suis
1748 1076 1901 1117 predictis
1931 1078 1996 1118 pri-

340 1137 465 1165 vatum,
501 1135 595 1171 prout
626 1131 742 1160 iustum
776 1129 872 1169 foret7
910 1130 1101 1159 auctoritate
1135 1129 1248 1159 eadem
1279 1129 1433 1159 declares.
1503 1128 1535 1159 Si
1562 1139 1637 1159 vero
1672 1128 1759 1159 idem
1787 1129 1896 1159 Lcllus
1931 1129 1995 1169 pri-

340 1187 431 1213 vatus
459 1183 504 1212 eis
532 1192 751 1223 nequaquam.
788 1181 845 1211 sed
874 1180 1046 1221 privandus
1074 1184 1108 1210 ut
1139 1181 1298 1221 prefertur
1331 1180 1499 1219 existeret,
1529 1181 1633 1220 ipsum
1663 1179 1778 1211 eadem
1802 1181 1994 1211 auctoritate

340 1233 442 1274 burgo
475 1236 507 1263 et
540 1234 610 1263 aliis
644 1233 734 1263 bonis
763 1233 826 1263 suis
855 1232 988 1272 prefatis
1016 1233 1140 1272 privare
1170 1232 1315 1262 studeres
1343 1233 1463 1262 iustitia
1495 1233 1661 1272 exigente„
1691 1234 1785 1272 prout
1811 1232 1842 1261 in
1872 1231 1995 1263 eisdem

341 1285 455 1315 litteris
479 1285 604 1324 plenius
629 1285 818 1314 continetur.
874 1282 952 1313 Cum
982 1284 1090 1323 itaque
1121 1282 1207 1313 idem
1232 1283 1376 1324 Angelus
1404 1284 1485 1313 sicut
1509 1283 1622 1313 asserit
1645 1293 1703 1323 per
1727 1282 1872 1313 infideles
1896 1284 1996 1324 ipsius

342 1336 477 1365 ecclesie.
503 1346 674 1375 oppressus
702 1345 739 1365 110
764 1334 942 1365 destructus
968 1334 1061 1365 fuerit
1091 1338 1122 1364 et
1147 1334 1292 1364 omnibus
1316 1334 1407 1364 bonis
1432 1335 1494 1364 suis
1518 1334 1691 1364 mobilibus
1722 1338 1754 1365 et
1777 1334 1995 1366 immobilibus

341 1387 424 1416 intus
453 1390 484 1417 01
507 1389 598 1416 extra
624 1386 743 1416 Urbem
774 1387 877 1426 ipsam
908 1385 1152 1416 consistentibus
1177 1385 1293 1415 valoris
1322 1389 1447 1416 centum
1476 1385 1599 1415 milium
1630 1386 1822 1416 florenorum
1852 1387 1995 1417 extiterit

341 1439 495 1478 spoliatus
519 1448 555 1467 ae
572 1437 794 1468 nichilominus
812 1437 972 1478 quondam
990 1437 1161 1467 Poncellus
1180 1447 1351 1477 germanus
1371 1447 1445 1467 suus
1466 1437 1607 1471 clericus
1631 1436 1705 1478 [qui]
1723 1437 1824 1468 multa
1843 1438 1994 1468 benefitia

342 1490 488 1520 obtinens
512 1492 643 1529 propter
666 1489 782 1519 multos
806 1489 933 1519 labores
958 1492 1066 1519 contra
1090 1488 1198 1519 hostes
1223 1489 1356 1519 ecclesie
1381 1488 1525 1519 eiusdem
1550 1488 1721 1529 pugnando
1746 1489 1878 1519 viriliter
1901 1490 1994 1520 susti-

341 1544 463 1578 nuerat,
488 1540 664 1570 decessisse
689 1540 837 1570 credatur
860 1551 980 1570 necnon
1007 1544 1134 1570 centum
1159 1540 1390 1580 quinquaginta
1416 1543 1447 1570 et
1470 1540 1553 1570 ultra
1570 1540 1685 1570 vassali
1709 1541 1806 1580 ipsius
1823 1541 1940 1581 Angeli
1964 1541 1995 1571 111

342 1592 427 1622 bello
461 1593 554 1622 castri
583 1593 702 1622 Asture
731 1591 888 1621 Albaneu.
915 1591 995 1621 dioc.
1032 1591 1199 1621 existendo
1235 1592 1263 1621 111
1301 1591 1430 1621 servitio
1465 1594 1572 1621 nostro
1609 1594 1640 1621 et
1675 1591 1818 1622 eiusdem
1859 1592 1995 1623 ecclesie

342 1643 470 1674 fuerunt
492 1643 653 1674 interfecti
663 1644 683 1682 2,
707 1653 765 1673 nos
789 1642 893 1673 eidem
919 1643 1045 1682 Angelo
1070 1643 1100 1672 in
1125 1643 1185 1672 hac
1208 1646 1299 1682 parte
1323 1646 1457 1682 paterno
1482 1643 1715 1682 compatientes
1739 1643 1872 1681 affectu,
1897 1644 1995 1684 ipsius

341 1695 458 1736 Aug-eli
487 1694 770 1735 supplicationibus
802 1694 943 1724 inclinati
972 1694 1164 1724 discretioni¹
1184 1697 1237 1724 tue
1266 1704 1324 1734 per
1352 1694 1530 1734 apostolica
1559 1694 1677 1734 scripta
1707 1695 1934 1725 committimus
1964 1698 1995 1726 et

342 1746 539 1784 mandanms,
565 1749 722 1786 <piutenus
747 1746 771 1775 si
796 1746 915 1775 dictum
940 1745 1066 1775 Lellum
1092 1746 1192 1785 burgo
1222 1749 1253 1775 et
1277 1745 1347 1775 aliis
1372 1745 1462 1775 bonis
1491 1745 1623 1785 prefatis
1648 1745 1805 1776 declarari
1834 1747 1994 1786 privatum

310 1823 316 1830 .
342 1808 396 1828 ¹seu
431 1798 547 1837 privari
578 1808 636 1838 per
665 1801 695 1827 te
723 1797 893 1837 eontigerit
923 1800 958 1826 ut
994 1797 1153 1837 prefertur
1184 1796 1332 1837 dictaque
1363 1797 1447 1827 bona
1474 1799 1607 1836 propter
1634 1796 1694 1827 hoc
1723 1807 1793 1828 esse
1822 1798 1995 1828 confiscata

343 1849 488 1885 00010510,
513 1848 671 1888 prelibata
691 1848 908 1878 declaratione
933 1858 988 1878 seu
1010 1848 1186 1888 privatione
1211 1848 1297 1888 prius
1320 1851 1355 1878 ut
1378 1848 1572 1888 premittitur
1596 1858 1653 1888 per
1676 1851 1707 1878 te
1731 1848 1833 1887 factis,
1859 1848 1994 1890 burgum

342 1901 443 1940 ipsum
470 1910 540 1929 011111
566 1899 711 1929 omnibus
734 1899 854 1929 iuribus
879 1903 910 1929 et
934 1899 1134 1939 pertinentiis
1159 1900 1222 1929 suis
1240 1898 1364 1939 prefato
1382 1899 1509 1939 Angelo
1535 1902 1567 1929 et
1583 1899 1756 1929 heredibus
1779 1900 1842 1930 suis
1866 1900 1896 1929 in
1921 1910 1994 1940 per-

342 1957 473 1991 petuum
498 1951 688 1981 auctoritate
714 1950 827 1981 eadem
853 1951 1031 1980 concedere
1057 1955 1088 1981 et
1113 1951 1275 1991 assignare
1300 1961 1465 1991 procures,
1494 1950 1682 1981 inducentes
1707 1961 1778 1981 eum
1803 1951 1853 1981 vel
1878 1961 1993 1991 procu-

343 2006 479 2032 ratorem
504 2013 594 2032 suum
619 2013 675 2042 pro
701 2012 738 2032 eo
764 2012 820 2042 per
844 2004 874 2032 te
900 2001 950 2031 vel
975 2002 1071 2032 alium
1096 2011 1153 2031 seu
1177 2002 1257 2031 alios
1282 2002 1312 2031 in
1337 2001 1443 2042 burgi,
1469 2002 1582 2032 iurium
1612 2004 1644 2031 et
1668 2002 1895 2042 pertinentium
1921 2012 1993 2042 pre-

343 2052 498 2082 dictorum
525 2053 723 2093 corpcnnlem
748 2053 982 2093 possessionem
1008 2056 1038 2083 ct
1064 2052 1240 2083 defendens
1265 2052 1439 2091 inductum,
1464 2058 1571 2083 amoto
1597 2052 1712 2083 exinde
1738 2052 1822 2083 dicto
1847 2053 1938 2084 Lello
1963 2057 1996 2084 et

344 2104 486 2143 quolibet
510 2104 570 2134 ulio
596 2105 704 2134 illicito
729 2104 895 2135 detentore
920 2115 957 2134 ae
981 2105 1100 2134 faciens
1125 2103 1229 2134 cidem
1246 2104 1373 2145 Angelo
1398 2103 1437 2134 de.
1461 2105 1559 2145 ipsius
1583 2104 1675 2144 burgi
1700 2104 1862 2141 fructibus,
1887 2104 1994 2135 reddi-

344 2155 435 2186 tibus.
461 2156 675 2195 proventibus.
700 2155 820 2185 iuribus
845 2159 876 2186 et
894 2155 1138 2186 obventionibus
1162 2156 1317 2186 universis
1341 2156 1466 2196 integre
1491 2156 1686 2196 responderi.
1735 2154 1995 2186 Contradictores

345 2216 401 2245 per
429 2217 593 2237 censuram
623 2207 872 2237 ecclesiastic-:im
902 2207 1120 2248 appellatione
1152 2208 1330 2247 postposita
1354 2206 1599 2247 compescendo,
1628 2217 1690 2236 non
1715 2207 1862 2237 obstante
1887 2208 1911 2237 si
1937 2207 1994 2237 ali-

345 2256 456 2295 quibus
481 2268 499 2286 a
522 2258 597 2287 sede
624 2258 799 2298 apostolica
823 2259 863 2287 sit
887 2258 1058 2293 indultum,
1088 2258 1172 2299 quod
1196 2258 1357 2295 interdici,
1388 2258 1537 2299 suspendi
1561 2258 1611 2289 vel
1636 2259 1907 2289 excommunicari
1931 2268 1994 2289 non

344 2309 463 2347 possint
495 2319 551 2348 per
586 2309 706 2339 litteras
742 2310 934 2349 apostolicas
969 2321 1031 2340 non
1063 2310 1217 2340 facientes
1245 2309 1374 2349 plenam
1406 2312 1438 2340 et
1469 2319 1655 2350 expressam
1688 2319 1725 2339 ac
1755 2309 1794 2340 de
1826 2309 1924 2340 verbo
1953 2308 1994 2340 ad

343 2358 474 2389 verbum
501 2359 539 2389 dc
564 2360 685 2389 indulto
710 2360 890 2390 huiusmodi
915 2361 1118 2391 mentionem.

452 2419 524 2449 Det.
550 2420 744 2455 Arinioniw,
769 2419 842 2449 ΧΠ.
861 2420 931 2450 Kal.
958 2420 1079 2452 Marcii.
1104 2431 1185 2450 anno
1211 2420 1462 2460 quartodecimo.

448 2571 513 2597 092.
541 2577 563 2597 ³¹»
584 2573 721 2597 tradiderat
742 2574 778 2597 sul
798 2574 894 2597 wirham
915 2575 995 2597 2<ssva
1015 2575 1135 2598 ωςὶιίἱεὸε
1156 2575 1252 2598 ridetur
1271 2583 1290 2599 0,

451 2665 473 2690 1»
496 2668 568 2697 {ymas
584 2665 734 2697 publicatas
753 2674 805 2689 mm
825 2674 876 2687 csse
896 2665 1054 2691 vrcai'idsrnn.
1144 2668 1170 2695 2)
1194 2666 1234 2699 Cf.
1249 2675 1332 2698 supin
1346 2675 1374 2699 p.
1391 2669 1440 2692 399
1458 2667 1473 2693 l.
1488 2670 1563 2698 Usqq.

2014 674 2038 692 10

2015 930 2038 948 15

2014 1189 2040 1208 20

2014 1448 2038 1468 25

2014 1707 2039 1726 30

2013 1963 2040 1982 35

2013 2223 2040 2241 40

2010 2586 2036 2604 45
