2205 3025
365 150 426 176 251·
641 143 735 170 MTA
756 143 866 169 REGNI
890 142 1071 168 LL'DHWJCI
1092 142 1136 168 lV.
1158 142 1201 167 ET
1222 125 1405 168 FRIDERICI
1426 142 1474 168 ΙΙΙ.
1513 143 1587 169 1327.
1624 143 1671 169 Nr.
1685 143 1742 169 340.

472 230 634 261 I'niversis
663 229 873 269 principibus,
905 229 1052 265 ducibus,
1083 228 1335 267 marchionibus,
1368 228 1550 265 comitibus,
1581 229 1767 269 baronibus,
1796 231 1949 261 militibus
1976 241 2012 261 ae

364 281 622 312 uuiwrsitatibus
651 284 683 310 et
713 280 993 310 cmmnunitatilms
1022 280 1201 317 civitatum,
1230 283 1421 319 castrorum,
1452 283 1608 310 terrarum
1639 284 1671 311 et
1698 281 1832 311 aliorum
1862 292 2012 322 quorum-

362 343 497 373 cumque
524 332 663 362 lta-orum
690 342 745 371 pcr
768 331 972 361 Alamaniam
997 331 1185 361 constitutis.

471 383 580 413 Monet
605 382 647 422 pii
672 382 770 421 patris
795 382 943 412 benivola
968 383 1071 422 pictas
1100 384 1132 412 et
1156 381 1279 412 fervida
1304 383 1420 412 caritas
1445 382 1627 423 persuadet,
1656 386 1689 413 ut
1713 383 1812 414 vobis.
1841 394 1920 423 quos
1944 387 2013 414 tan-

364 445 457 474 quam
484 434 656 474 spiritualis
672 432 854 473 adoptionis
879 433 960 463 filios
985 434 1013 462 in
1039 433 1122 463 viam
1148 433 1259 463 salutis
1277 433 1414 474 dirigere
1433 435 1586 474 cupimus,
1612 433 1695 464 devii
1720 435 1816 464 noxia
1832 435 2015 475 specialiter

365 486 545 515 intimemus
567 484 688 514 eisdem
714 495 755 514 ex
781 483 917 514 diffusaa
941 485 985 515 rei
1003 485 1125 514 notitia.
1166 483 1217 514 Ad
1236 488 1374 514 vestram
1399 485 1462 515 iam
1480 485 1640 515 credimus
1656 486 1840 525 pervenisse
1858 486 2014 525 notitiam,

362 536 446 576 quod
477 535 681 576 exigentibus
709 535 864 565 Ludovici
897 535 972 565 olim
1000 535 1138 565 Bavarie
1171 535 1258 565 ducis
1288 535 1472 566 excessibus
1502 537 1597 567 variis
1626 536 1823 567 detestandis
1853 540 1885 567 et
1914 537 2015 578 culpis

364 588 469 627 plures
500 590 532 616 et
563 587 705 616 diversos
736 586 870 616 diversis
899 587 1098 627 temporibus
1129 586 1168 617 de
1198 587 1330 617 fratrum
1359 591 1538 618 nostrorum
1568 588 1698 618 consilio
1730 591 1878 628 presente
1908 588 2014 619 multi-

362 639 471 668 tudine.
497 638 624 678 copiosa
651 638 793 668 fidelium
812 640 922 668 contra
947 639 1050 678 ipsum
1068 648 1237 678 processus
1254 638 1433 676 habuimus,
1457 649 1515 679 per
1539 649 1618 679 quos
1635 638 1773 669 eundem
1791 640 2014 671 excomunica-

362 694 427 719 tum
453 689 610 730 siquidem
636 692 668 720 et
692 689 820 720 demum
846 690 923 727 iure,
949 690 974 719 si
999 689 1085 729 quod
1109 689 1168 719 sibi
1193 690 1233 720 ad
1257 700 1392 730 regnum
1411 690 1460 720 vel
1486 691 1655 730 imperium
1672 690 1879 729 Romanum)
1906 702 1945 722 ex
1974 702 2012 722 ea

363 751 424 781 que
447 741 486 771 de
512 741 579 780 ipso
598 740 760 771 celebrata
787 741 882 771 fuisse
901 740 1068 771 dicebatur
1092 740 1132 771 ab
1150 740 1303 771 hactenus
1321 741 1478 771 electione
1496 741 1634 772 discordi
1651 742 1782 772 forsitan
1800 742 2014 782 competebat,

363 792 624 822 denunciavimus
648 792 806 832 privatum
832 803 850 822 a
874 791 1013 822 Domino
1038 802 1074 822 ac
1100 793 1202 832 ipsum
1227 792 1268 822 ad
1293 792 1451 823 cautelam
1476 793 1542 823 iure
1568 792 1758 827 huiusmodi.
1783 793 2016 834 subsequenter

361 844 457 873 etiam
477 843 580 873 feudis
606 846 637 874 et
653 843 828 884 privilegiis
846 843 1002 881 omnibus,
1028 854 1088 884 que
1114 854 1132 873 a
1148 843 1294 874 Romana
1321 844 1371 874 vel
1389 844 1552 884 quibusvis
1570 843 1712 875 ecelesiis
1736 845 1806 874 aliis
1829 848 1884 875 aut
1900 845 2015 876 eodem

361 895 495 935 imperio
521 895 763 935 quomodolibet
789 894 966 926 obtinebat.
992 898 1022 925 et
1052 895 1236 935 specialiter
1264 895 1380 925 ducatu
1404 895 1541 925 Bavarie
1565 896 1759 935 privavimus
1783 897 2016 927 sententialiter

362 950 394 976 et
423 945 637 976 hereticorum
666 946 823 976 fautorem
858 957 926 976 csse
956 947 1075 986 pariter
1104 946 1252 976 duximus
1280 946 1522 983 declarandum,
1551 947 1767 987 peremptorie
1792 947 2014 978 nichilominus

363 997 499 1027 citantes
517 996 665 1030 eundem.
691 1001 724 1027 ut
749 998 816 1038 ipse
835 1007 930 1037 super
947 997 1076 1028 erimine
1095 997 1226 1035 heresis,
1252 997 1291 1028 de
1318 1009 1380 1038 qua
1403 1009 1437 1029 se
1454 998 1624 1029 manifeste
1642 999 1820 1029 convictum
1837 998 2015 1029 reddidisse

362 1048 549 1080 dinoscitur.
589 1049 619 1078 in
652 1052 738 1079 certo
769 1049 904 1079 termino
941 1059 1035 1089 quem
1065 1049 1123 1078 sibi
1157 1049 1343 1089 prefiximus
1377 1059 1410 1079 se
1442 1049 1655 1090 personaliter
1686 1050 1862 1090 apostolico
1897 1049 2015 1081 debeat

364 1100 547 1140 conspectui
566 1103 762 1140 presentare.
809 1100 858 1129 Ac
882 1101 1009 1140 insuper
1034 1103 1141 1130 contra
1161 1110 1378 1140 quoscumque
1404 1103 1467 1131 tam
1493 1101 1625 1131 clericos
1649 1111 1744 1141 quam
1769 1101 1887 1141 laycos,
1911 1102 2015 1132 cuius-

361 1161 486 1191 cunque
517 1152 744 1190 premiuentic.
782 1151 960 1191 dignitatis,
997 1151 1129 1183 ordinis,
1165 1151 1355 1181 conditionis
1387 1156 1418 1182 et
1446 1155 1547 1182 status
1572 1153 1724 1191 existant,
1761 1153 1887 1182 etiamsi
1914 1153 2014 1193 regali

362 1202 412 1231 vel
437 1202 610 1242 pontificali
636 1213 692 1232 seu
717 1203 828 1242 quavis
853 1202 915 1232 alia
933 1202 1088 1242 dignitate
1106 1202 1320 1242 prefulgeant,
1345 1202 1469 1243 prefato
1487 1203 1650 1233 Ludovico
1675 1202 1771 1243 super
1794 1203 1864 1242 hiis,
1889 1214 1950 1244 que
1974 1204 2014 1234 ad

363 1252 482 1283 dietum
512 1263 646 1293 regnum
676 1257 731 1283 aut
759 1254 928 1294 imperium
961 1263 1016 1283 seu
1046 1254 1355 1284 administrationem
1387 1255 1527 1294 ipsorum
1558 1255 1730 1295 pertinent,
1761 1254 1954 1286 adherentes
1984 1258 2018 1286 et

364 1307 513 1344 parentes
537 1314 573 1334 ac
592 1304 781 1335 obedientes
804 1315 859 1335 seu
884 1308 1063 1345 prestantes
1087 1305 1251 1336 auxilium.
1277 1305 1441 1336 eonsilium
1467 1306 1516 1336 vel
1540 1306 1683 1335 favorem
1707 1316 1764 1345 per
1788 1316 1820 1336 se
1846 1306 1895 1336 vel
1919 1306 2017 1337 alium

363 1355 485 1386 directe
501 1356 549 1386 vel
568 1355 732 1393 indirecte,
750 1355 876 1396 publice
892 1356 941 1386 vel
960 1356 1082 1386 occulte
1102 1357 1442 1386 excommunicationis
1460 1357 1490 1386 in
1507 1357 1684 1397 singulares
1701 1367 1853 1396 personas
1871 1361 1901 1387 et
1918 1358 2015 1388 inter-

361 1407 437 1437 dicti
464 1408 493 1437 in
518 1410 619 1437 terras
637 1411 668 1437 et
692 1407 762 1438 loca
779 1408 919 1448 ipsorum
937 1418 973 1437 ac
991 1408 1235 1438 ‹;·ominunitates
1253 1411 1283 1437 ct
1299 1408 1521 1438 universitates
1546 1408 1677 1438 forsitan
1695 1407 1918 1448 delinquentes
1942 1420 2015 1450 pro-

363 1458 512 1499 mulgatis
537 1459 702 1489 sententiis
728 1469 850 1489 necnon
875 1459 1060 1499 privationis
1084 1459 1325 1499 privilegiorum
1349 1459 1596 1499 apostolicorum
1621 1461 1654 1489 et
1669 1459 1882 1499 imperialium
1907 1461 2013 1498 etiam,

363 1509 532 1540 feudorum
566 1521 707 1551 quoque,
742 1510 896 1540 bmmrum
931 1514 962 1540 et
994 1510 1148 1540 honorum
1182 1511 1302 1551 pariter
1333 1521 1456 1541 necnon
1486 1510 1690 1551 dignitatum.
1725 1514 1952 1550 personatuum
1985 1516 2018 1543 et

366 1561 544 1592 officiormn
571 1573 606 1592 ae
632 1561 858 1591 beneficiorum
887 1561 1101 1601 quorumlibet
1126 1572 1334 1602 personarum
1360 1562 1645 1592 ecclesiasticarum
1671 1565 1703 1591 et
1727 1565 1790 1592 tam
1808 1573 2016 1602 personarum

362 1614 500 1653 ipsarum
527 1624 621 1653 quam
648 1623 756 1643 earum
783 1616 814 1642 ct
831 1612 964 1642 aliarum
985 1623 1248 1653 quarumcunque
1273 1623 1369 1653 super
1393 1613 1452 1643 hiis
1470 1613 1693 1644 adherentium
1710 1613 1835 1653 prefato
1853 1613 2016 1645 Ludovieo

361 1668 416 1693 aut
434 1665 643 1704 prestantium
663 1663 908 1704 quomodolibet
932 1664 990 1693 sibi
1009 1664 1176 1696 auxilium.
1202 1665 1367 1694 consilium
1393 1665 1442 1694 vel
1468 1665 1623 1701 favorem,
1647 1664 1783 1694 filiorum
1809 1667 1841 1694 et
1863 1669 2015 1705 nepotum

362 1725 463 1754 usque
488 1716 528 1745 ad
547 1719 692 1755 quartam
711 1716 954 1754 generationem
974 1710 1236 1745 1111111111111111101115
1259 1717 1349 1756 penis
1366 1716 1575 1746 comminatis.
1601 1715 1641 1745 ad
1660 1726 1791 1756 quarum
1809 1716 2014 1747 inflictionem
2035 1724 2045 1743 3

362 1777 419 1796 nos
448 1766 568 1806 absque
598 1767 749 1796 citatione
779 1778 815 1797 ac
845 1767 1019 1797 monitione
1049 1767 1111 1797 alia
1143 1768 1173 1796 in
1203 1767 1324 1797 eisdem
1353 1767 1556 1808 processibus
1579 1766 1777 1807 prediximus
1800 1777 2015 1807 processuros,

362 1822 457 1857 prout
482 1819 511 1847 in
538 1818 629 1847 dictis
655 1818 854 1858 p1·‹r›cessibus
879 1818 937 1848 1100
964 1822 995 1847 et
1019 1818 1082 1848 alia
1107 1818 1231 1859 plenius
1255 1819 1485 1848 continentur-¹.
1534 1818 1613 1848 Cum
1638 1819 1760 1858 itaque,
1789 1819 1870 1848 sicut
1893 1818 2014 1848 audivi-

361 1879 440 1907 mus,
466 1868 645 1899 Ludovicus
670 1870 753 1899 idem
781 1874 930 1910 tauquam
958 1871 1129 1901 derelictus
1154 1883 1171 1901 a
1190 1871 1328 1901 Domino
1353 1875 1385 1901 et
1409 1872 1448 1902 dc
1473 1872 1536 1901 suis
1561 1874 1671 1901 contra
1688 1871 1840 1911 impetum
1858 1871 2014 1901 fluminis2

360 1920 509 1950 videlicet
534 1920 593 1950 Dei
624 1922 798 1960 potentiam
829 1932 906 1962 quas
936 1923 1049 1953 merito
1076 1923 1216 1962 perdidit
1245 1922 1363 1953 viribus
1393 1933 1455 1952 non
1484 1922 1634 1959 confisus,
1664 1922 1797 1962 pecunie
1827 1932 1883 1952 seu
1910 1923 2014 1962 gentis

361 1971 538 2001 subsidium
563 1982 580 2001 a
606 1972 694 2001 vobis
720 1972 846 2002 «luxerit
870 1974 1116 2013 imploramlum,
1143 1985 1199 2004 nos
1224 1975 1389 2014 cupientes
1415 1985 1431 2003 o
1456 1974 1511 2003 filii
1536 1976 1688 2014 tanquam
1713 1973 1752 2003 de
1777 1976 1880 2004 vestre
1905 1973 2014 2003 salutis

361 2025 393 2052 et
429 2022 512 2052 fame
549 2023 717 2053 commodo
755 2028 889 2063 paterna
921 2025 1121 2055 solicitudine
1158 2026 1271 2066 vigiles
1309 2029 1341 2055 et
1376 2026 1459 2055 circa
1492 2024 1689 2055 salutiferum
1726 2027 1842 2054 statum
1874 2028 2012 2054 vestrum

361 2073 525 2103 Altissimo
544 2074 703 2113 placidum
730 2074 833 2104 studio
853 2076 1013 2116 diligentis
1032 2077 1228 2117 operationis
1252 2077 1375 2115 intenti,
1401 2076 1485 2117 quod
1511 2087 1550 2106 ex
1575 2080 1680 2106 vestra
1704 2079 1813 2105 contra
1833 2075 2013 2105 huiusmodi

362 2135 528 2164 processus
553 2130 648 2165 atque
674 2126 848 2156 sententias
873 2127 996 2157 offensa
1020 2128 1070 2157 vel
1097 2128 1190 2168 eulpa
1215 2127 1467 2167 indignationem
1493 2138 1554 2158 uon
1578 2127 1745 2157 incurratis
1766 2127 1942 2157 maiestatis
1966 2127 2012 2156 in-

361 2186 471 2205 mense
498 2186 554 2205 uec
579 2176 652 2205 lesis
671 2178 822 2206 maternis
847 2178 1016 2208 affectibus
1041 2179 1070 2208 in
1095 2179 1273 2208 animarum
1299 2182 1475 2208 vestrarum
1501 2178 1676 2218 periculum
1702 2177 1818 2207 dictam
1844 2177 2013 2207 offendatis

362 2227 529 2256 ecelesiam
556 2230 690 2257 matrem
717 2231 865 2262 vestram,
891 2229 1035 2268 predicto
1061 2229 1226 2259 Ludovico
1251 2231 1281 2259 in
1306 2230 1468 2270 premissis
1486 2228 1729 2270 quomodolibet
1747 2227 1932 2258 adherendo
1957 2239 2013 2259 seu

362 2278 534 2317 prestando
566 2282 599 2308 ut
631 2278 789 2318 prefertur
821 2280 925 2310 eidem
958 2281 1128 2312 auxilium.
1165 2281 1330 2310 consilium
1366 2281 1414 2311 vel
1447 2280 1604 2315 favorem,
1640 2279 1811 2320 premissas
1842 2281 2015 2310 sententias

361 2329 610 2369 dampnabiliter
627 2330 827 2367 incurrendo,
854 2332 1092 2361 universitatem
1118 2336 1149 2361 et
1168 2331 1368 2371 prudentiam
1388 2334 1525 2361 vestram
1543 2341 1719 2369 monemus,
1744 2341 1893 2371 rogamus
1909 2334 2013 2361 atten-

360 2381 422 2409 tius
448 2384 479 2409 et
504 2380 667 2410 hortamur
692 2386 723 2410 et
749 2385 886 2412 vestrum
912 2383 1043 2423 singulis
1068 2383 1240 2413 districtius
1262 2383 1474 2422 iniungentes,
1499 2383 1646 2422 quatinus
1671 2382 1700 2411 iu
1726 2381 1784 2411 hae
1810 2386 1899 2421 parte
1925 2382 2014 2412 vobis

361 2431 401 2461 ab
427 2432 620 2461 imminentis
646 2433 733 2462 ruine
759 2433 849 2472 lapsu
876 2437 938 2463 tam
965 2433 1096 2473 provide
1122 2444 1215 2474 quam
1242 2433 1412 2464 salubriter
1434 2437 1644 2474 precaventes
1662 2432 1828 2473 dictosque
1847 2443 2013 2472 processus

361 2486 456 2523 atquc
474 2484 647 2513 sententias
666 2483 855 2513 obedienter
881 2486 911 2513 et
929 2484 1061 2515 firmiter
1078 2486 1286 2515 observantes
1310 2486 1435 2525 prefato
1452 2484 1617 2515 liudovico
1642 2493 1697 2514 aut
1713 2484 1898 2514 fautoribus.
1924 2494 2009 2514 com-

361 2534 495 2575 plicibus
524 2545 578 2564 seu
608 2535 799 2575 sequacibus
829 2536 892 2565 suis
917 2536 1095 2566 nullatenus
1120 2537 1276 2567 adherere.
1301 2537 1464 2576 temptetis
1493 2546 1551 2566 nec
1575 2535 1765 2575 ubicumque
1794 2535 1923 2575 aliquod
1951 2534 2009 2565 sibi

361 2586 508 2625 prestetis
533 2585 718 2617 subsidium.
744 2586 907 2618 auxilium.
933 2588 1097 2617 consilium
1123 2588 1171 2617 vcl
1191 2588 1343 2617 favorem.
1368 2588 1442 2628 quin
1464 2588 1568 2627 potius
1586 2590 1738 2626 tanquam
1762 2586 1816 2616 tilii
1842 2590 1875 2616 ut
1899 2596 2008 2626 spera-

464 2678 529 2704 340.
557 2680 579 2707 θ’)
598 2680 696 2703 1011111111
718 2680 810 2704 enstcitll'!
829 2681 852 2704 in
874 2689 907 2706 (“.;
927 2681 1073 2705 (ulrlcndmn
1094 2683 1161 2712 scre:
1180 2682 1320 2706 obviantes,

465 2747 488 2771 l»
509 2745 596 2777 Supra
619 2755 658 2771 vr.
676 2750 730 2771 2725.
752 2750 806 2771 ·.¹1‘›l.
828 2751 880 2772 277.
971 2748 996 2773 21
1020 2748 1058 2779 [γ’.
1082 2747 1122 2773 I's.
1138 2752 1176 2778 471,
1190 2752 1210 2773 ὗ.

2032 702 2057 720 10

2034 957 2057 976 15

2034 1212 2059 1231 20

2035 1467 2058 1486 25

2034 1980 2057 1998 35

2033 2237 2057 2253 ⁴0

2030 2491 2054 2508 45
