2205 3025
333 151 394 179 530
743 141 837 168 ACTA
859 141 969 167 ascivi
990 139 1170 166 LUDEvvici
1191 120 1237 165 iv.
1275 138 1349 166 1330.
1386 138 1433 164 ΝΥ.
1447 137 1505 164 601.
1525 137 1581 164 682.

333 232 419 263 sibus
444 232 483 261 do
509 231 665 261 dictorum
690 229 822 259 fratrum
847 228 977 258 consilio
1003 226 1234 258 declaravimus
1258 225 1425 256 incurrisse
1451 235 1487 254 ac
1512 227 1664 265 tanquam
1689 224 1981 254 excommunicatos

332 284 400 314 sore
427 285 533 323 proter
558 291 648 311 casus
673 290 841 320 expressos
866 280 896 309 in
920 278 987 309 iure
1013 278 1053 308 ab
1079 277 1225 307 omnibus
1250 276 1425 307 evitandos
1471 275 1513 305 Et
1536 275 1758 305 nichilominus
1782 274 1981 315 supradictos

333 335 569 367 IIermannum,
605 332 780 362 Henricuni
811 334 842 362 et
870 329 1056 371 Rodgerum
1093 328 1238 359 omnibus
1271 327 1493 368 dignitatibus,
1530 325 1769 367 personatibus,
1805 325 1917 356 officiis
1950 330 1982 356 et

333 385 497 415 beneficiis
522 383 746 414 ecclesiasticis
770 392 841 412 cum
866 392 942 411 cura
965 380 1016 411 vel
1040 380 1106 410 sine
1135 390 1210 410 cura
1234 389 1295 420 quc
1320 378 1455 409 ubilibet
1480 377 1682 417 obtinebant,
1714 376 1828 418 quibus
1852 380 1983 417 propter

333 446 484 466 excessus
513 446 585 465 suos
610 434 750 464 notorios
775 436 806 464 ct
835 435 1047 473 contemptus,
1078 431 1296 461 contumacias
1326 433 1358 460 et
1386 428 1626 459 inobediencias
1651 439 1761 459 eorum
1785 429 1984 458 continuatas
2014 438 2024 455 5

333 492 365 517 et.
389 490 500 517 auctas
524 496 557 516 sc
583 485 728 526 indignos
752 483 970 520 reddiderunt,
995 482 1188 523 privavimus
1205 482 1330 513 iusticia
1354 482 1515 521 exigente,
1540 481 1620 511 sicut
1642 481 1672 510 in
1694 479 1845 520 predictis
1869 480 1983 510 nostris

334 538 535 579 processibus
560 537 684 577 plenius
708 536 916 566 continetur1.
956 534 1112 565 Volentes
1136 535 1244 574 itaque
1262 532 1457 564 sentenciam
1482 531 1664 562 huiusmodi
1688 531 1843 572 publicari
1866 531 1982 561 solem-

332 590 416 619 niter
446 590 475 618 in
505 589 550 618 cis
581 587 725 628 partibus
756 590 787 617 ct
818 586 1005 617 execucioni
1034 584 1193 623 mandari,
1223 584 1410 614 discrecioni
1441 586 1546 614 vestre
1577 593 1635 623 per
1666 582 1842 623 apostolica
1866 582 1983 622 scripta

333 640 532 677 mandamus,
558 639 704 679 quatinus
728 648 784 669 vos
810 637 857 668 vel
883 636 1017 678 quilibet
1041 639 1178 666 vestrum
1204 645 1262 676 per
1285 645 1341 665 vos
1366 635 1415 665 vel
1439 634 1535 665 alium
1560 644 1616 664 seu
1640 633 1720 664 alios
1743 636 1807 664 tam
1826 633 1855 663 in
1872 633 1984 663 vestris

334 701 429 732 quam
462 691 532 721 aliis
564 689 794 734 circumvicinis
825 687 1007 719 civitatibus
1039 691 1070 718 et
1100 686 1296 725 diocesibus,
1327 685 1367 716 de
1396 685 1509 726 quibus
1539 695 1595 715 vos
1624 688 1656 716 et
1686 684 1819 726 quilibet
1843 687 1983 714 vestrum

333 742 488 783 expedire
518 741 676 777 videritis,
708 741 848 781 prefatos
877 739 1113 777 Hermannum,
1144 738 1320 769 Henricuin
1351 740 1382 768 et
1410 737 1597 778 Rodgerum
1626 736 1918 774 excommunicatos
1948 745 1985 766 ac

335 793 486 835 predictis
511 792 734 833 dignitatibus,
761 790 998 832 personatibus,
1024 789 1136 820 officiis
1161 793 1192 820 et
1216 789 1285 820 aliis
1310 788 1455 819 omnibus
1479 787 1643 819 beneficiis
1667 787 1890 818 ecclesiasticis
1914 797 1985 817 cum

335 856 410 876 cura
435 844 485 875 vel
509 845 575 874 sinc
601 854 676 874 cura
701 854 762 883 que
787 842 922 873 ubilibet
946 841 1135 872 obtinebant
1157 841 1299 881 privatos
1322 840 1448 881 publice
1466 839 1658 870 denunciare
1675 839 1801 878 curetis,
1826 837 1986 868 monendo

335 896 558 927 nichilominus
593 905 703 925 onmes
732 898 764 925 et
793 894 935 934 singulos
964 893 1096 924 clericos
1125 896 1157 922 et
1187 892 1299 930 laicos,
1330 892 1545 932 cuiuscunque
1581 894 1681 921 status
1709 890 1760 921 vel
1793 889 1986 921 condicionis

336 948 488 985 existant,
523 947 652 977 eciamsi
684 946 857 987 pontificali
890 945 939 975 vel
973 944 1084 985 quavis
1119 944 1182 974 alia
1211 943 1368 984 <lignitate
1396 943 1612 983 promineant,
1648 952 1687 972 ne
1716 941 1877 982 predictos
1905 940 1988 971 Her-

335 1009 502 1037 mannum,
534 998 709 1028 Henricum
735 1000 767 1028 et
791 996 978 1037 Rodgerum
1011 1006 1047 1026 ac
1082 1005 1192 1025 eorum
1221 995 1356 1025 alterum
1385 993 1426 1024 ad
1450 993 1594 1034 predicta
1623 993 1779 1024 beneficia
1803 992 1853 1022 vel
1879 1002 1987 1022 eorum

336 1049 466 1091 aliquod
500 1049 670 1080 admittant
705 1049 743 1079 dc
775 1052 882 1079 cetero
914 1058 972 1078 nec
1001 1047 1046 1077 eis
1076 1046 1115 1077 de
1146 1047 1287 1087 ipsorum
1317 1045 1486 1079 fructibus.
1517 1044 1695 1075 redditibus
1723 1047 1754 1075 et
1781 1043 1987 1085 proventibus

335 1101 579 1143 quomodolibet
604 1100 800 1141 respondere
826 1102 1021 1141 presumant.
1068 1098 1232 1129 Adversus
1257 1108 1311 1128 eos
1329 1107 1415 1136 vero,
1441 1097 1494 1137 qui
1511 1099 1583 1137 post
1606 1096 1861 1137 publicaeionem
1878 1094 1986 1124 huius-

336 1153 422 1183 modi
447 1153 640 1183 contrarium
666 1152 917 1193 presumpserint
941 1154 1144 1190 attemptare,
1170 1160 1249 1190 quos
1277 1159 1334 1179 nos
1358 1149 1426 1189 ipso
1448 1148 1532 1179 facto
1551 1147 1892 1179 excommunicacionis
1916 1156 1987 1176 sen-

336 1205 441 1235 tencie
466 1205 613 1234 volumus
637 1204 804 1234 subiacere
829 1213 887 1244 per
910 1202 1194 1233 denunciat-ionem
1220 1204 1251 1231 et
1272 1200 1540 1241 aggravacionem
1564 1199 1725 1230 sentencie
1750 1197 1932 1228 huiusmodi
1957 1200 1988 1228 et
2008 1206 2018 1225 2

335 1256 416 1286 alias
440 1256 646 1295 spiritualiter
671 1259 703 1285 et
728 1255 957 1296 temporaliter,
981 1256 1075 1294 prout
1091 1253 1181 1283 vobis
1199 1256 1230 1283 et
1246 1259 1385 1282 vestrum
1407 1251 1536 1282 cuilibet
1561 1250 1714 1291 expedire
1739 1249 1907 1280 videbitur.
1932 1259 1989 1289 per

336 1317 392 1337 vos
416 1307 466 1337 vel
490 1307 586 1337 alium
612 1317 667 1337 seu
691 1306 770 1337 alios
795 1306 983 1346 processuri.

450 1358 524 1388 Dat.
542 1359 736 1397 Avini0n(e›.
762 1357 870 1388 XIIII.
890 1356 960 1387 Kal.
979 1356 1143 1393 Februar.,
1168 1365 1249 1386 anno
1275 1353 1527 1395 quartodecimo.

714 1495 799 1531 6802.
842 1495 994 1529 Litterae
1022 1494 1152 1528 nammis
1181 1495 1336 1528 directae.
1455 1493 1615 1527 [(01.21.

450 1580 544 1618 Copia
571 1581 621 1617 (c.)
649 1578 756 1608 ibidem
782 1581 851 1609 lam.
872 1577 965 1607 11:311
988 1576 1046 1617 fol.
1065 1578 1124 1606 104
1148 1577 1307 1606 22221920'.
1363 1575 1560 1606 ssmtnlimus
1583 1584 1648 1605 nos.
1676 1593 1716 1596 —
1744 1573 1806 1604 Ed.
1824 1572 1990 1603 Hauviller

337 1632 359 1662 l.
376 1642 398 1662 c.
418 1631 445 1667 I,
464 1632 524 1660 169
549 1641 595 1660 nr.
614 1631 676 1659 193
699 1640 736 1659 εῖν
760 1640 786 1660 (·.

449 1725 579 1765 Hugoni
617 1725 724 1755 comiti
761 1724 801 1754 de
833 1723 964 1763 Bocheg
997 1727 1028 1753 et
1058 1722 1165 1753 Ulrico
1200 1722 1239 1752 ‹le
1275 1721 1385 1752 ordine
1410 1720 1649 1751 Hei-emitarum
1683 1720 1784 1750 sancti
1820 1719 1989 1759 Augustini

345 1777 575 1817 penitenciario
601 1780 718 1806 nostro.

447 1827 569 1857 Vestris
595 1827 731 1867 receptis
763 1827 876 1856 litteris
910 1830 941 1856 et
975 1836 1084 1855 earum
1110 1826 1191 1855 serie
1216 1825 1404 1865 diligencius
1429 1823 1601 1861 intellecta,
1632 1823 1840 1853 devocionem
1866 1825 1897 1852 et
1921 1820 1992 1851 dili-

341 1880 486 1920 genciam
513 1882 650 1908 vestram
669 1879 750 1908 circa
769 1878 1024 1908 notificat-ionem
1046 1880 1268 1907 contentorum
1286 1877 1316 1906 in
1338 1876 1460 1906 eisdem
1485 1875 1598 1905 litteris
1618 1874 1795 1905 adhibitam
1819 1874 1988 1914 plurimum
2012 1883 2022 1901 3

340 1931 372 1960 in
396 1930 534 1960 Domino
570 1929 841 1960 commendamus.
890 1928 956 1958 Vos
989 1929 1069 1958 scire
1099 1928 1242 1958 volentes
1267 1927 1352 1968 quod
1378 1927 1430 1958 dil.
1448 1926 1490 1957 fil.
1507 1925 1701 1966 Maguntinis
1725 1929 1757 1956 et
1781 1925 1994 1965 Argentinen-

341 1982 426 2012 sibus
451 1982 570 2012 civibus
595 1981 761 2011 scribimus
786 1991 882 2020 super
906 1981 965 2017 eis,
996 1979 1200 2009 intendentes
1231 1978 1413 2009 civitatibus
1437 1978 1507 2009 aliis
1532 1987 1641 2008 earum
1674 1977 1816 2017 parcium
1845 1976 1993 2006 celeriter

342 2033 481 2063 scribere
513 2034 580 2073 pari
614 2033 717 2062 modo.
765 2032 923 2067 Quocirca
955 2031 1195 2071 providenciam
1220 2034 1359 2061 vestram
1391 2040 1540 2071 rogamus
1570 2029 1727 2059 attencius
1758 2031 1790 2058 et
1818 2027 1993 2060 hortamur.

343 2085 490 2124 quatinus
521 2084 601 2113 sicut
631 2083 835 2114 laudabiliter
864 2082 1040 2123 incepistis,
1073 2082 1159 2122 apud
1188 2082 1404 2112 venerabilem
1429 2081 1560 2111 fratrem
1585 2084 1726 2111 nostrum
1751 2103 1782 2110 ..
1808 2079 1994 2118 episcopum

343 2139 375 2165 et
400 2135 452 2165 dil.
470 2135 511 2165 fil.
537 2136 622 2165 cives
646 2135 897 2175 Argentiucnses
928 2144 965 2164 ac
998 2133 1077 2164 alios
1108 2144 1218 2164 earum
1250 2134 1406 2174 parcium,
1437 2132 1475 2163 de
1508 2131 1622 2173 quibus
1652 2130 1804 2171 expedire
1834 2129 1991 2164 videbitis,

344 2186 550 2227 diligentibus
575 2186 686 2216 studiis
711 2189 741 2215 et
767 2186 896 2215 solicitis
925 2185 1206 2215 exhortacionibus
1237 2185 1403 2223 insistatis,
1434 2187 1469 2214 ut
1499 2193 1595 2223 super
1625 2182 1809 2222 receptione
1838 2181 1888 2211 vel
1917 2180 1993 2211 obe-

345 2238 468 2268 diencia
494 2237 648 2267 Ludovici
674 2237 713 2267 ‹le
740 2237 876 2267 Bavaria
901 2236 1031 2266 heretici
1058 2240 1089 2266 et
1113 2236 1283 2266 scismatici
1308 2246 1364 2266 seu
1385 2245 1512 2265 suorum
1537 2234 1727 2274 complicum
1753 2236 1785 2263 et
1808 2232 1995 2272 sequacium

346 2300 407 2319 uon
434 2290 619 2329 1.›‹=1·1nittant
644 2298 904 2328 (lucrium-unque
929 2288 1119 2327 serpentinis
1142 2287 1402 2328 suggestionibus
1425 2297 1458 2317 se
1483 2286 1605 2321 seduci,
1630 2284 1686 2315 sed
1711 2285 1819 2325 pocius
1843 2284 1873 2313 in
1899 2283 1995 2313 devo-

342 2341 436 2370 cione
466 2344 574 2370 sancte
606 2340 715 2369 matris
743 2339 877 2369 ecclesie
908 2339 1113 2369 immobiliter
1142 2340 1349 2379 persistentes
1378 2338 1507 2368 eosdem
1533 2336 1741 2375 Ludovicum,
1776 2344 1930 2376 sequaces
1964 2336 1996 2364 et

346 2391 519 2431 complices
555 2391 640 2421 velut
674 2390 842 2430 pestiferos
878 2389 1016 2420 abiciant
1053 2396 1084 2420 et
1113 2390 1286 2430 repellant.
1317 2391 1362 2420 eis
1390 2399 1504 2430 graves
1532 2387 1712 2429 spirituales
1741 2390 1773 2417 et
1800 2385 1995 2426 temporales

347 2453 446 2483 penas
471 2449 501 2471 et
526 2443 704 2472 sentencias
730 2452 786 2481 per
811 2441 953 2471 diversos
978 2451 1144 2481 processus
1168 2445 1291 2471 nostros
1315 2441 1458 2479 inflictas,
1485 2440 1598 2481 quibus
1614 2449 1648 2470 se
1666 2438 1873 2476 involverent,
1899 2437 1924 2467 si
1941 2447 1995 2467 eos

348 2493 433 2534 quod
457 2493 539 2523 absit
563 2494 742 2533 reciperent
767 2493 816 2522 vel
842 2493 886 2522 cis
912 2492 1080 2522 obedirent
1105 2493 1356 2532 quomodolibet,
1379 2493 1437 2522 viis
1461 2495 1492 2522 et
1517 2491 1618 2522 modis
1643 2490 1756 2531 quibus
1780 2489 1870 2520 vobis
1895 2497 1994 2529 expe-

349 2545 415 2575 dire
440 2545 599 2575 videbitur
624 2544 845 2574 nichilominus
870 2543 1071 2583 explicando.

456 2596 529 2626 Dat.
549 2596 743 2633 ixx-initum).
772 2595 844 2625 XII.
864 2596 934 2625 Kal.
954 2594 1118 2629 Februar.,
1145 2606 1226 2625 anno
1252 2595 1503 2636 quartodecimo.

454 2708 477 2736 11
498 2706 585 2738 Supra
608 2714 645 2731 vr.
664 2709 717 2731 275.

1993 692 2028 711 .1o

2007 949 2029 968 15

2009 1582 2032 1600 ‘25

2012 2140 2035 2159 35

2014 2395 2039 2413 40

2014 2706 2039 2724 45
