2205 3025
130 795 154 813 10

131 1051 153 1069 15

129 1305 154 1324 20

131 1579 155 1599 25

128 1939 154 1957 30

131 2195 155 2214 35

133 2748 157 2767 45

547 126 644 153 ACTA
661 125 773 152 ΗΕΘΜ
793 125 975 152 LuDEwici
996 125 1041 151 iv.
1079 125 1153 153 1330.
1190 124 1237 151 ΝΥ.
1251 125 1309 151 814.
1323 125 1381 151 815.
1395 125 1453 152 816.
1762 130 1819 158 091

176 213 277 244 dictus
301 213 453 251 Bavarus,
479 213 559 243 sicut
582 212 689 251 debet,
712 214 816 254 ipsum
840 213 978 254 benigne
1002 213 1146 253 recipere
1170 223 1227 243 nos
1250 216 1380 253 paratos
1404 213 1498 254 eique
1523 216 1646 244 tantam
1671 218 1702 245 et
1726 215 1823 246 talem

174 264 332 305 impertiri
356 265 507 306 graciam,
532 265 617 305 quod
641 268 674 295 tu
699 267 731 294 et
754 264 913 305 principes
937 264 1112 304 supradicti
1135 264 1280 304 poteritis
1306 265 1419 295 merito
1444 266 1635 296 contentari.

282 315 356 346 Dat.
382 316 425 346 ΙΙ.
450 316 523 346 Kal.
549 316 696 356 Augusti,
721 326 803 346 anuo
827 315 938 346 XIIII.

283 379 326 410 In
351 390 377 410 e.
402 390 444 410 m.
469 404 501 411 ..
526 379 768 420 archiepiscopo
793 379 984 410 Treverensi

284 430 325 461 In
349 441 377 462 e.
402 442 442 462 m.
467 430 576 462 Ottoni
602 431 675 462 duci
700 431 838 462 Austrie.

339 534 425 569 815.
466 534 619 569 Litterae
646 535 693 568 ml
719 535 912 579 ‹sst'scofflcm
941 535 1219 579 Aiyentinensem
1247 535 1407 580 aliosque.
1513 537 1579 572 Iul.
1601 538 1656 572 31.

283 608 381 646 Copia
406 608 457 647 (c.)
483 608 594 639 ibidem
617 611 686 638 tom.
704 608 800 638 11511
820 607 968 649 foZ.173'
992 618 1040 641 nr.
1058 610 1150 640 1972.
1200 609 1400 640 Contule'mccs
1423 620 1485 642 nos.
1511 629 1552 633 -—
1578 611 1640 642 Ed.
1657 611 1826 644 Hauviller

173 658 338 690 ‘Analecta
361 659 616 698 Aryentinensc'a’
634 659 661 696 I,
678 659 741 688 211
766 669 813 690 nr.
830 660 893 689 251
917 669 954 690 ct:
978 671 1002 691 c.

280 734 441 776 Episcopo
467 735 702 775 Argentinensi.

280 786 330 817 Ne
353 786 462 827 lingua
485 787 603 817 tercia¹
629 796 705 817 vera
729 787 928 827 supprimens
952 797 1007 817 seu
1032 787 1112 819 falsa
1136 788 1301 828 proferens
1325 789 1409 820 circa
1438 799 1486 829 ea,
1519 800 1581 830 que
1609 801 1667 831 per
1695 793 1825 823 nuncios

172 837 326 868 carissimi
349 838 381 868 in
405 836 531 868 Christo
559 837 614 868 filii
637 837 788 868 Iohannis
812 838 896 878 regis
918 837 1054 869 Boemie
1084 839 1213 869 illustris
1242 850 1278 870 ac
1303 840 1496 871 venerabilis
1515 841 1620 872 fratris
1644 845 1824 874 nostrorum

172 889 322 920 Balduini
354 889 586 930 archiepiscopi
614 888 820 920 Treverensis
854 899 977 919 necnon
1008 889 1061 920 dil.
1086 890 1128 919 fil.
1153 890 1310 931 magnifici
1342 892 1399 922 viri
1425 892 1553 922 Ottonis
1583 892 1672 923 ducis
1696 894 1825 926 Austrie

173 950 213 971 ex
237 943 328 981 parte
352 941 493 981 ipsorum
519 941 602 971 circa
632 940 801 981 negocium
824 940 941 971 Bavari
970 940 1097 971 fuerunt
1120 941 1217 972 verbo
1242 943 1406 982 proposita
1431 946 1463 973 et
1490 944 1522 973 in
1547 945 1671 985 scriptis
1696 955 1823 986 queque

172 1002 230 1032 per
257 1002 314 1022 nos
347 995 411 1022 tam
442 1002 500 1032 per
528 991 659 1022 eosdem
691 992 862 1032 propositis
890 1002 986 1033 quam
1015 1002 1073 1032 per
1101 1003 1211 1023 corum
1241 993 1387 1024 dominos
1420 994 1504 1025 circa
1537 995 1624 1026 illam
1655 997 1825 1028 materiam

173 1042 264 1074 nobis
287 1043 411 1084 scriptis
435 1043 609 1074 extiterunt
636 1053 800 1084 responsa,
831 1044 875 1074 tui
905 1043 1044 1083 quietem
1073 1043 1169 1073 animi
1200 1044 1304 1074 valeat
1329 1045 1532 1085 perturbare,
1566 1056 1642 1077 ecce
1666 1047 1752 1088 quod
1783 1047 1825 1078 ad

172 1094 381 1125 fraternitatis
411 1098 464 1125 tue
493 1095 643 1125 noticiam
676 1095 730 1125 illa
759 1095 802 1124 nil
833 1094 977 1125 detracto
1009 1094 1059 1124 vcl
1091 1094 1200 1125 addito
1233 1095 1421 1126 deducimus
1450 1107 1508 1137 per
1533 1100 1707 1137 presentes,
1759 1099 1824 1139 Ipsi

173 1146 257 1176 enim
290 1145 387 1176 verbo
423 1146 526 1187 primo
562 1149 594 1176 et
630 1145 863 1186 subsequenter
903 1156 960 1185 per
994 1146 1181 1186 scripturam
1220 1150 1383 1186 patentem
1419 1148 1559 1187 ipsorum
1597 1150 1824 1180 communitam

172 1197 282 1237 sigillis
310 1200 545 1237 proposuerunt
576 1197 607 1226 in
642 1200 749 1228 nostra
784 1200 816 1227 ct
844 1197 980 1237 plurium
1011 1196 1143 1227 fratrum
1170 1202 1350 1227 nostrorum
1379 1202 1488 1229 sancte
1514 1199 1661 1230 Romane
1690 1201 1825 1232 ecclesie

173 1248 381 1279 cardinalium
406 1248 573 1289 presencia
597 1258 658 1288 que
683 1252 874 1289 sequuntur:

257 1299 339 1330 ‘Ista
368 1303 416 1330 est
439 1299 571 1330 intentio
596 1298 795 1330 dominorum
825 1299 945 1330 scilicet
969 1300 1053 1340 regis
1077 1299 1222 1335 Bocmie,
1248 1324 1253 1330 .
1274 1324 1279 1329 .
1309 1300 1540 1341 archiepiscopi
1566 1301 1770 1333 Treverensis
1795 1307 1826 1334 et

174 1350 308 1381 ..ducis
325 1351 464 1389 Austrie,
490 1350 575 1391 quod
598 1361 656 1392 per
679 1361 735 1381 eos
752 1354 905 1382 tractetur
929 1354 967 1381 et
991 1355 1059 1382 cet.
1086 1354 1123 1381 ut
1145 1362 1261 1391 supra
1286 1352 1321 1381 in
1347 1351 1415 1382 illa
1439 1362 1508 1392 que
1535 1352 1717 1393 dirigitur
1741 1354 1825 1385 dicto

172 1403 242 1443 regi
265 1401 400 1433 Boemie
423 1412 547 1443 usque
572 1402 607 1432 in
632 1401 792 1432 finemf2

280 1452 398 1484 Datum
423 1456 458 1484 ut
481 1453 610 1494 supi-22³.

280 1517 321 1547 In
345 1517 510 1548 eundem
535 1516 685 1548 modum
711 1517 785 1547 fuit
808 1519 994 1558 scriptum
1019 1519 1175 1549 mutatis
1199 1519 1393 1549 mutandis
1417 1519 1551 1549 multis
1575 1518 1769 1550 nobilibus
1794 1524 1830 1551 et

176 1568 521 1599 communitatibus
545 1568 789 1599 diversarum
814 1570 1001 1609 parcium,
1028 1570 1127 1600 sicut
1153 1570 1186 1600 in
1212 1570 1383 1600 rubricis
1408 1570 1616 1610 reperitur.

390 1673 476 1708 816.
516 1673 670 1708 Litterae
698 1674 744 1707 ml
771 1674 920 1707 cmne'tene
950 1673 1175 1707 lubucensem«
1203 1674 1363 1717 (diosmis.
1472 1674 1538 1709 Iul.
1564 1675 1618 1708 31.

285 1746 383 1785 Copia
407 1748 460 1786 (c.)
484 1747 594 1778 ibidem
623 1747 890 1788 tom.11511f0l.
910 1748 971 1777 170
999 1758 1047 1778 nr.
1065 1747 1157 1778 1961.
1204 1747 1438 1786 Bessa-{psincus
1469 1758 1532 1779 izos.
1563 1766 1602 1770 -
1627 1747 1687 1778 Ed.
1707 1747 1830 1778 Riczler

175 1796 194 1828 l.
211 1807 234 1829 c.
248 1808 280 1837 ρ.
296 1800 359 1829 474
375 1808 424 1829 nr.
442 1800 524 1829 1364
540 1809 578 1830 ea·
594 1809 619 1829 c.
637 1799 880 1837 (decurtatum);
903 1798 1085 1829 Saum-land
1100 1798 1119 1831 l.
1136 1809 1160 1831 c.
1177 1798 1199 1829 I
1200 1799 1226 1836 I,
1247 1798 1309 1829 356
1326 1809 1372 1829 nr.
1394 1799 1475 1828 1934
1491 1810 1529 1830 ea:
1546 1810 1569 1829 c,
1591 1798 1829 1837 (decurtatum).

282 1874 447 1905 willelmo
472 1876 580 1905 comiti
605 1875 784 1905 Iuliacensi.

285 1925 357 1956 Non
381 1925 501 1956 delevit
525 1937 544 1957 a
567 1933 676 1957 nostra
700 1927 856 1957 memoria
880 1926 995 1957 dilecte
1020 1926 1063 1957 fili
1087 1927 1324 1967 ingratitudinis
1342 1931 1445 1957 mater
1469 1927 1596 1964 oblivio,
1622 1927 1695 1966 quin
1720 1926 1830 1966 pocius

175 1976 310 2017 probata
334 1977 378 2007 rei
404 1978 610 2018 experiencia
633 1977 720 2008 cordi
743 1981 871 2008 nosti-0³·
894 1978 997 2008 infixit
1020 1978 1216 2009 immobiliter
1239 1979 1461 2019 integritatem
1487 1978 1664 2008 devotionis
1689 1980 1721 2008 et
1744 1977 1828 2015 fidei,

175 2038 238 2069 qua
261 2028 302 2058 ad
326 2039 383 2059 nos
408 2031 440 2059 et
456 2028 636 2060 Romanam
660 2029 828 2060 ecclesiam
853 2030 982 2070 viguisti
1005 2029 1161 2060 hactenus
1185 2033 1217 2060 et
1240 2030 1328 2070 viges
1354 2030 1528 2060 animosius
1552 2029 1748 2059 incessanter
1771 2038 1830 2059 nec

175 2079 272 2110 etiam
290 2080 385 2121 quod‚
410 2084 503 2120 prout
519 2091 538 2111 a
553 2080 696 2121 pluribus
712 2081 892 2122 recepimus
909 2080 1089 2122 fidedignis,
1114 2084 1146 2112 tu
1164 2084 1196 2112 et
1212 2082 1354 2111 nonnulli
1373 2084 1521 2122 potentes
1542 2080 1666 2110 illarum
1684 2080 1827 2120 parcium

174 2131 294 2161 cunctis
318 2131 607 2162 machinationibus
630 2131 772 2164 subdolis
795 2132 905 2173 procul
928 2133 1028 2173 pulsis
1051 2136 1083 2163 et
1106 2132 1305 2163 inimicorum
1330 2131 1392 2162 Dei
1417 2136 1450 2162 et
1476 2131 1611 2162 ecclesie
1641 2134 1749 2161 sancte
1774 2142 1829 2162 sue

174 2191 302 2222 prorsus
325 2182 474 2213 devitatis
497 2183 668 2214 consorciis
696 2194 777 2214 nunc
801 2194 901 2225 usque
935 2185 965 2214 in
994 2183 1058 2214 fida
1086 2184 1270 2214 constancia
1301 2184 1477 2224 perstitisti.
1526 2184 1595 2218 Que
1625 2193 1696 2213 cum
1726 2182 1830 2213 cordis

173 2232 280 2264 leticia
303 2234 416 2265 merito
433 2237 637 2266 recensentes
660 2245 697 2265 ac
714 2235 959 2275 providenciam
978 2239 1065 2266 tuam
1089 2245 1161 2266 cum
1177 2235 1331 2266 uberibus
1349 2235 1525 2276 gratiarum
1543 2233 1719 2264 actionibus
1735 2243 1831 2274 super

174 2284 234 2314 hiis
256 2284 427 2325 plurimum
451 2285 482 2316 in
498 2286 637 2317 Domino
654 2286 931 2326 commendantes,
956 2287 1157 2318 nobilitatem
1182 2290 1268 2317 tuam
1295 2296 1446 2327 rogamus
1472 2286 1552 2316 etin
1568 2284 1707 2315 Domino
1725 2288 1828 2316 atten-

175 2336 241 2366 cius
265 2335 489 2375 exhortamur,
514 2338 662 2378 quatinus
690 2338 898 2369 consideratis
926 2338 1076 2379 periculis
1099 2338 1209 2377 variis,
1241 2348 1303 2379 que
1338 2336 1513 2368 eorundem
1543 2336 1742 2367 inimicorum
1772 2336 1829 2366 ad-

174 2385 265 2417 hesio
289 2397 397 2418 secum
425 2388 536 2423 trahit,
568 2392 600 2419 et
623 2392 776 2430 quantum
807 2390 989 2420 constancie
1014 2390 1113 2420 virtus
1146 2389 1281 2420 extollat
1311 2392 1506 2429 quantumve
1536 2387 1752 2418 inconstancia
1782 2388 1827 2417 in-

175 2437 338 2469 fidelitatis
374 2442 477 2470 mater
508 2440 539 2470 in
575 2440 719 2481 principe
750 2441 918 2481 presertim
947 2450 1024 2471 vere
1062 2440 1237 2471 nobilitatis
1269 2441 1338 2470 eius
1379 2440 1519 2470 nominis
1557 2439 1735 2469 claritatem
1774 2437 1829 2467 ob-

176 2488 312 2528 nubilet,
343 2490 374 2520 in
399 2490 508 2521 debita
531 2491 662 2522 rationis
684 2491 767 2522 libra
790 2495 941 2532 pensato7
968 2492 999 2522 in
1023 2491 1118 2522 solita
1142 2491 1324 2522 constancia
1361 2493 1393 2521 et
1425 2489 1581 2520 fidelitate
1614 2488 1724 2520 debita
1751 2488 1830 2518 velis

175 2540 346 2580 persistere
370 2541 565 2573 inconcusse.
613 2542 696 2578 Quia
719 2552 805 2581 vero,
830 2546 923 2583 prout
941 2542 1141 2583 quorundam
1164 2542 1267 2573 relatu
1284 2541 1504 2582 percepimus,
1529 2540 1669 2571 nonnulli
1687 2539 1828 2580 parcium

177 2591 352 2623 earundem
376 2593 421 2623 tui
444 2592 573 2624 honoris
597 2597 629 2624 et
652 2593 737 2625 fame
761 2594 917 2624 zelatores
942 2593 1072 2624 fallaces
1096 2603 1133 2624 ac
1156 2594 1254 2624 nostri
1279 2596 1311 2624 et
1330 2593 1413 2623 dicte
1433 2592 1568 2623 ecclesie
1586 2590 1829 2629 orthodoxeque

279 2675 344 2702 816.
373 2677 396 2708 ³)
416 2686 484 2710 sequ.
502 2681 549 2703 fis-0
568 2679 640 2704 delet.
655 2687 676 2704 c.

280 2736 306 2765 1)
325 2735 410 2762 Eecli.
430 2739 470 2769 28,
484 2740 513 2762 16
532 2739 555 2762 et
570 2740 607 2763 19.
697 2737 723 2762 ‘251
744 2737 832 2770 Sapra
850 2745 912 2770 paq.
930 2740 979 2763 687
996 2737 1043 2763 lin.
1058 2739 1173 2763 12—690
1192 2736 1237 2762 lin.
1252 2739 1289 2762 33.
1380 2736 1405 2763 3]
1428 2734 1490 2760 scil.
1506 2742 1545 2759 ur.
1561 2736 1616 2759 5¹14.

1574 2784 1622 2808 ὃν
