2205 3025
135 671 160 690 10

134 928 156 946 15

131 1184 156 1202 20

131 1441 154 1459 25

130 1700 155 1718 30

128 1960 152 1978 35

127 2217 153 2234 40

126 2473 152 2490 45

450 113 545 140 ACTA
565 113 679 140 REGNI
699 113 882 141 LUDEWICI
903 115 947 140 IV.
967 115 1014 141 ET
1035 115 1219 143 FRIDERICI
1238 116 1286 142 111.
1325 117 1399 143 1327.
1437 117 1484 143 Nr.
1498 117 1556 145 1320.
1775 120 1830 150 *231

290 198 327 229 In
351 198 469 230 Christi
493 200 620 230 nomine
645 210 748 231 amen.

294 252 320 281 1.
355 250 407 280 Ad
431 250 570 289 laudem,
595 252 809 281 reverentiam
834 255 865 282 et
888 251 1041 282 honorem
1068 254 1296 293 omnipotentis
1319 254 1381 284 Dei
1406 257 1437 284 et
1462 254 1557 284 beate
1582 254 1683 286 Marie
1707 266 1837 297 semper

180 302 310 341 virginis
344 302 453 332 matris
484 311 540 331 sue
574 304 606 332 et
637 302 733 332 totius
764 303 850 333 curie
881 303 1021 343 paradisi
1052 307 1084 335 et
1112 304 1153 335 ad
1183 305 1351 343 honorem,
1386 305 1616 337 exaltationem
1645 311 1677 337 et
1700 307 1836 348 gloriam

179 352 374 382 serenissimi
403 352 553 393 principis
583 352 702 383 domini
731 353 886 384 Ludoviei
911 354 972 384 Dei
1001 356 1104 395 gratia
1132 355 1352 387 Romanorum
1381 357 1465 397 regis
1493 367 1620 398 semper
1649 359 1776 399 augusti
1804 363 1836 389 et

180 403 260 434 sacri
277 402 415 433 Romani
439 402 565 444 imperii
589 413 627 433 ae
651 403 781 434 illustris
805 405 957 445 principis
981 405 1101 436 domini
1117 406 1282 438 Frederiei
1307 409 1391 449 regis
1408 408 1534 438 Scicilie
1560 409 1725 449 0111101115ῧι
1744 411 1835 451 regni

180 457 299 485 statum
316 464 504 495 prosperum
521 456 553 484 et
570 454 706 485 felicem.
793 455 948 486 Noverint
964 458 1102 487 universi
1120 469 1251 498 presens
1268 459 1512 490 instrumentum
1529 460 1691 500 publicum
1708 461 1834 502 inspee-

180 506 251 537 turi,
277 505 361 546 quod
385 504 503 536 habitis
527 514 585 545 per
609 504 710 535 dictos
735 507 971 537 serenissimum
996 509 1172 549 principem
1191 509 1353 540 dominum
1371 510 1570 541 Ludovieum
1587 522 1696 552 regem
1713 511 1834 544 Roma-

179 567 291 587 norum
316 560 348 587 et
371 557 526 587 illustrem
556 556 719 587 dominum
744 557 950 588 Fredericum
980 569 1090 599 regem
1115 559 1240 591 Scieilie
1266 562 1521 592 consideratione
1546 566 1577 593 et
1601 562 1834 594 deliberatione

178 608 397 648 solempnibus
421 618 517 648 super
541 607 673 645 honore⁷
699 609 896 639 exaltatione
922 612 954 639 ct
979 611 1081 650 gloria
1106 612 1245 651 ipsorum
1271 613 1449 653 principum
1474 614 1539 644 sive
1564 624 1675 654 regum
1701 618 1733 645 et
1753 615 1833 646 sacri

177 659 315 690 Romani
348 660 473 700 imperii
501 669 538 690 ac
569 660 659 700 regni
688 659 814 690 Seicilie
845 670 967 691 necnon
998 661 1138 702 ipsorum
1172 664 1348 704 principum
1381 664 1522 694 fidelium
1556 668 1588 695 et
1618 666 1833 697 subiectorum

177 714 261 742 statu
291 721 445 751 prospero
477 715 509 741 et
538 711 708 751 tranquillo
737 714 770 741 et
798 712 894 742 etiam
925 722 1021 752 super
1052 713 1238 744 defensione
1270 718 1302 744 et
1331 714 1527 745 exaltatione
1558 715 1631 746 fidei
1663 717 1833 748 christiane

177 762 437 793 deliberaverunt
465 766 497 793 et
525 762 800 793 concordaverunt
828 763 910 793 inter
939 774 994 793 eos
1023 764 1128 794 faeere
1158 766 1322 804 unionem,
1353 766 1646 798 confedei-ationem
1675 771 1707 798 et
1735 768 1832 808 ligam

177 824 295 855 easque
324 814 451 845 firmare
481 818 640 855 perpetuo
669 813 837 845 duraturas
868 818 975 845 contra
1003 826 1209 856 quoscunque
1235 817 1434 847 inimicantes
1459 828 1539 848 nune
1564 819 1614 848 vel
1639 820 1668 849 in
1694 819 1833 850 futurum

177 866 252 906 ipsis
276 865 406 906 regibus
430 876 486 896 seu
510 865 602 896 alteri
626 865 767 906 ipsorum
785 875 840 896 seu
858 865 1030 904 Rom(ano)
1049 867 1184 907 imperio
1203 871 1257 897 aut
1274 878 1373 908 regno
1391 868 1516 899 Scit-ilie
1535 870 1832 911 quomodocunque,

177 916 439 958 qualitercunque
470 921 502 948 et
531 918 560 947 in
591 927 781 958 quacunque
810 920 901 957 parte
931 921 994 947 tam
1025 929 1082 958 per
1110 929 1196 949 mare
1227 929 1322 959 qnam
1347 930 1404 959 per
1428 924 1560 953 terram,
1591 921 1831 963 quibuscunque

175 969 256 1000 tales
280 969 479 999 inimicantes
504 968 684 999 nominibus
707 973 923 999 censerentur.

284 1023 312 1050 2.
348 1020 390 1050 Et
413 1020 486 1057 ideo
511 1021 654 1060 prefatus
678 1020 900 1050 serenissimus
924 1021 1071 1061 prinecps
1096 1020 1243 1051 dominus
1268 1021 1451 1052 Ludoricus
1468 1021 1685 1054 Romanorum
1711 1035 1766 1055 rex
1791 1035 1831 1055 ex

175 1075 264 1112 parte
289 1082 350 1102 una
376 1076 407 1102 et
432 1072 555 1103 nobiles
581 1076 612 1102 et
637 1072 798 1112 sapientes
823 1071 881 1101 viri
911 1071 1029 1102 domini
1054 1072 1216 1103 Berardus
1241 1072 1280 1102 de
1306 1073 1482 1104 Passancto
1508 1076 1539 1104 ct
1564 1075 1710 1105 Asnanus
1734 1076 1832 1116 Lopis

175 1123 214 1154 de
240 1124 403 1164 Caparosa
429 1123 555 1154 milites.
582 1124 737 1163 magister
762 1122 949 1154 Franciscns
974 1124 1013 1154 (10
1038 1124 1129 1155 Colle
1147 1125 1414 1155 Panormitanusb
1438 1127 1607 1157 canonicus
1631 1126 1831 1158 decretorum

175 1174 287 1206 doctor
315 1180 347 1205 et
371 1174 518 1205 dominus
542 1175 722 1205 Ansalonns
751 1174 791 1205 (10
816 1175 1003 1206 0115111110110
1033 1176 1072 1206 de
1098 1176 1245 1206 Messana
1275 1176 1372 1206 index
1397 1177 1578 1217 consiliarii,
1602 1177 1776 1209 familiares
1800 1182 1832 1209 et

175 1225 287 1257 fideles
316 1226 431 1266 prefati
460 1227 589 1256 illustris
618 1226 736 1256 domini
762 1226 930 1267 Frederigi
956 1227 1081 1257 Scicilie
1107 1228 1190 1268 regis
1215 1232 1246 1258 et
1272 1228 1369 1269 ipsius
1394 1232 1616 1268 procuratores
1641 1233 1673 1259 et
1697 1230 1830 1270 numptii

175 1278 267 1308 simul
298 1281 329 1308 et
358 1279 387 1308 in
416 1278 552 1308 solidum
582 1289 653 1308 011111
683 1279 852 1318 magnifico
878 1279 943 1308 viro
973 1278 1102 1309 domino
1128 1279 1270 1309 Iohanne.
1301 1279 1340 1310 dc
1366 1280 1571 1310 claromonte
1597 1281 1713 1311 comite
1737 1281 1829 1312 Moac

174 1329 318 1360 eiusdem
348 1329 467 1360 domini
498 1330 582 1370 regis
607 1329 731 1360 Scicilic
760 1340 880 1369 genero
911 1341 991 1360 nune
1022 1331 1154 1361 absente
1185 1331 1225 1361 ad
1256 1331 1457 1372 infrascripta
1493 1333 1599 1362 omnia
1631 1335 1662 1362 ct
1694 1333 1828 1373 singula.

174 1384 209 1411 ut
233 1381 350 1411 dictum
376 1385 433 1414 est,
458 1382 550 1412 simul
575 1386 607 1412 et
631 1381 800 1412 insolidum
826 1381 987 1412 constituti
1013 1382 1220 1423 solempniter
1245 1386 1277 1412 ct
1302 1383 1453 1423 legitime.
1479 1388 1513 1413 ut
1538 1384 1576 1414 de
1602 1384 1740 1424 ipsorum
1759 1395 1832 1424 pro-

175 1433 337 1463 curatione
367 1436 398 1463 et
428 1432 580 1463 mandato
615 1436 739 1463 constat
769 1444 826 1473 per
855 1433 1007 1473 scriptum
1037 1444 1092 1463 scu
1124 1434 1345 1474 privilegiuml
1377 1434 1520 1464 eiusdem
1553 1434 1680 1464 illustris
1711 1435 1829 1465 ‹lomini

174 1484 340 1525 Frederigi
365 1485 449 1525 regis
466 1484 591 1515 Scit-ilie
616 1485 771 1515 munitum
797 1495 852 1514 suo
878 1488 952 1515 11010
978 1488 1009 1515 01
1034 1490 1185 1515 consueto
1210 1485 1314 1525 sigillo
1340 1496 1412 1516 cere
1437 1485 1536 1516 rubeo
1562 1486 1721 1526 pendente
1743 1498 1760 1516 a
1778 1497 1829 1517 inc

175 1535 273 1566 Vei-io
308 1537 431 1566 notario
461 1541 493 1566 et
523 1536 593 1566 aliis
622 1536 831 1576 infrascriptis
862 1537 992 1566 notariis
1020 1537 1118 1566 visum
1150 1541 1181 1567 et
1210 1537 1328 1567 lectum
1356 1548 1413 1577 per
1442 1537 1585 1568 ordinem
1612 1538 1830 1578 procuratorio

177 1588 304 1617 nomine
331 1587 404 1617 dicti
430 1587 548 1618 domini
574 1588 657 1627 regis
679 1587 815 1619 Scicilic.
841 1588 899 1628 ipsi
925 1591 1060 1628 quatuor
1084 1592 1307 1628 procuratores
1332 1594 1469 1630 excepto
1494 1589 1578 1619 dicto
1604 1590 1719 1619 comite
1738 1590 1829 1620 Moac

174 1650 215 1668 ex
247 1642 337 1679 parte
368 1639 469 1669 altera
499 1639 691 1669 unanimiter
715 1643 745 1669 et
771 1639 972 1669 0011001111101·
1005 1639 1192 1672 11111101111110,
1226 1639 1371 1670 fecerunt
1402 1644 1434 1671 et
1463 1642 1667 1671 firmaverunt
1691 1641 1772 1671 inter
1796 1653 1828 1671 se

174 1690 337 1722 unionem,
371 1690 666 1721 confederationem
696 1694 728 1720 et
752 1691 847 1731 ligam
875 1695 1044 1731 perpetuas
1070 1696 1101 1721 et
1126 1696 1281 1732 perpetuo
1306 1692 1474 1722 duraturas
1502 1692 1541 1722 de
1571 1692 1742 1732 prestando
1771 1693 1828 1722 sihi

173 1742 307 1772 invicem
326 1746 392 1772 toto
411 1753 520 1772 eorum
538 1749 570 1772 et
587 1741 757 1772 cuiuslibet
775 1743 914 1782 ipsorum
935 1753 1028 1782 posse
1046 1742 1200 1773 auxilium
1219 1746 1251 1774 et
1267 1744 1427 1776 iuvamen.
1453 1744 1617 1774 consilium
1637 1748 1668 1774 01
1686 1744 1827 1774 favorem

174 1797 237 1823 tam
263 1804 319 1834 per
343 1804 431 1824 mare
457 1804 551 1834 quam
577 1804 634 1833 per
657 1797 773 1824 terrain
792 1798 902 1823 eontra
920 1804 1124 1835 quascunque
1143 1798 1253 1826 terras.
1279 1795 1434 1828 civitates.
1459 1796 1682 1825 universitates
1700 1799 1732 1825 et
1749 1796 1827 1829 loca,

173 1855 325 1885 personas
350 1845 584 1875 ecclesiasticas
609 1844 658 1875 vel
684 1845 853 1878 seculares,
887 1846 1102 1886 cuiuscunque
1126 1849 1227 1876 status
1252 1850 1283 1876 et
1308 1846 1498 1876 conditionis
1523 1848 1671 1879 existant,
1701 1848 1825 1877 etiamsi

172 1896 272 1936 regali
297 1900 352 1926 aut
382 1896 555 1936 pontificali
580 1896 736 1937 dignitate
761 1896 979 1936 prefulgeant,
1008 1897 1207 1927 inimicantes
1232 1908 1312 1928 nunc
1337 1898 1386 1928 vel
1412 1899 1441 1928 in
1467 1899 1606 1928 futurmn
1632 1898 1716 1928 dicto
1741 1909 1826 1929 serc-

173 1949 301 1979 nissimo
326 1949 459 1988 principi
485 1948 613 1978 domino
631 1948 796 1978 liudovico
814 1948 1032 1979 Romanorum
1058 1949 1125 1989 regi
1144 1949 1276 1989 eiusque
1294 1950 1429 1990 imperio
1447 1950 1512 1980 sive
1531 1960 1629 1989 regno
1647 1960 1682 1979 ac
1701 1951 1826 1990 prefato

172 2000 284 2030 illustri
310 1999 438 2030 domino
456 2000 628 2030 Frederico
655 2000 721 2040 regi
747 1999 872 2030 Scicilie
898 2000 948 2030 vel
974 2010 1072 2040 regno
1097 2011 1153 2030 suo
1172 2005 1203 2030 et
1219 2001 1359 2031 maxime
1378 2005 1488 2031 eontra
1506 2012 1672 2041 processus
1690 2005 1721 2031 et
1738 2004 1826 2032 actus

171 2051 287 2081 inicosc
312 2055 344 2081 et
368 2051 495 2081 dolosos
520 2050 628 2081 Iacobi
661 2050 699 2081 de
725 2050 877 2087 Caturco„
909 2052 962 2091 qui
994 2061 1026 2081 se
1057 2051 1131 2081 dicit
1162 2055 1194 2082 et
1222 2052 1302 2082 falso
1332 2053 1473 2082 nominat
1501 2052 1674 2083 Iohannem
1708 2063 1824 2093 papam

172 2104 361 2143 vigesimum
389 2102 573 2139 seeundum,
599 2102 815 2132 redundantes
840 2113 1030 2143 quocunque
1056 2108 1200 2143 tempore
1225 2107 1332 2134 contra
1359 2104 1570 2144 quodcunque
1595 2104 1642 2134 ins
1667 2103 1825 2144 publicum

171 2158 203 2184 et
232 2153 414 2184 libertatem
450 2153 531 2184 sacri
560 2153 697 2184 Romani
736 2154 860 2194 imperii
895 2165 932 2184 ac
966 2164 1135 2194 personam
1167 2155 1265 2195 ipsius
1297 2156 1490 2186 serenissimi
1524 2155 1674 2195 principis
1707 2154 1826 2185 domini

171 2205 325 2236 Ludovici
361 2206 578 2236 Romanorum
616 2205 699 2245 regis
733 2215 855 2235 necnon
892 2210 999 2236 contra
1037 2206 1196 2246 prefatum
1234 2206 1389 2236 illustrem
1423 2207 1584 2236 dominum
1620 2206 1825 2236 Frederieum

171 2256 296 2287 Scicilie
326 2267 434 2297 regem
460 2261 491 2287 et
516 2267 649 2297 regumn
674 2267 778 2289 snum,
809 2257 1000 2297 excipiendo
1030 2257 1200 2288 dumtaxat
1228 2257 1330 2288 dietus
1355 2258 1501 2288 dominns
1524 2257 1741 2288 Romanorum
1768 2267 1824 2287 rex

172 2308 317 2339 dominos
343 2333 348 2338 .
368 2333 373 2339 .
400 2309 558 2349 principes
583 2308 743 2338 electores
767 2309 892 2348 imperii
917 2312 948 2338 et
972 2308 1107 2349 predicti
1133 2314 1357 2349 procuratores
1382 2310 1600 2349 111001111110110
1618 2310 1744 2339 nomine
1762 2319 1824 2348 quo

171 2370 265 2400 supra
290 2361 445 2391 illustrem
470 2360 646 2400 principem
672 2360 833 2390 dominum
853 2360 1005 2390 Iacobum
1031 2371 1140 2400 regem
1159 2362 1344 2400 Aragonuni
1370 2360 1443 2390 dicti
1462 2361 1580 2390 domini
1598 2361 1682 2401 regis
1699 2359 1823 2389 Scis-ilie

172 2411 382 2442 reverendum
408 2413 539 2442 fratrem
564 2412 726 2452 ipsiusque
753 2412 836 2451 regis
860 2413 1047 2452 Aragonum
1073 2413 1102 2442 in
1128 2412 1243 2442 eodem
1270 2422 1367 2451 regno
1392 2415 1538 2452 posteros
1562 2422 1771 2441 successuros.

279 2465 306 2493 3.
345 2463 431 2498 Quas
455 2463 584 2504 quidem
608 2464 772 2496 unionem.
803 2463 1097 2494 confederationem
1127 2468 1158 2494 et
1187 2464 1283 2504 ligam
1312 2467 1343 2493 et
1373 2464 1477 2493 omnia
1508 2467 1539 2493 et
1563 2463 1686 2503 singula
1712 2472 1822 2503 supra-

170 2514 286 2554 scripta
314 2515 458 2555 prefatus
486 2514 631 2545 dominus
660 2514 877 2545 Romanorum
907 2525 963 2545 rex
992 2519 1023 2545 et
1052 2514 1169 2555 prefati
1197 2517 1421 2554 procuratores
1450 2515 1666 2554 procuratorio
1696 2514 1821 2543 nomine

170 2575 232 2604 quo
262 2576 355 2606 supra
388 2565 599 2605 prcuniserunt
628 2565 837 2606 solempniter
868 2577 903 2596 ac
933 2566 1076 2606 legitime
1106 2566 1212 2596 firmas
1245 2570 1276 2596 et
1304 2566 1407 2597 firma.
1441 2570 1525 2596 ratas
1553 2570 1584 2595 et
1610 2569 1674 2595 rata
1702 2564 1820 2594 halwre

272 2665 338 2692 320.
366 2667 389 2697 a)
408 2675 474 2697 sequ.
494 2668 518 2699 ip
538 2667 586 2691 del.
607 2676 644 2692 or.
734 2666 755 2695 Ι’)
777 2667 1009 2699 parmwmitanus7⁷
1028 2676 1064 2691 er.
1154 2672 1175 2695 c)
1195 2668 1229 2691 ⁴sle
1250 2676 1285 2691 or.

272 2726 297 2755 1)
317 2725 453 2750 Sermiana
473 2733 527 2749 11011
545 2727 589 2750 cst.
