2205 3025
390 122 452 149 494
665 115 763 141 ACTA
784 113 896 140 REGNI
917 112 1098 139 LUDEWICI
1118 112 1164 138 IV.
1183 112 1433 139 ETFRiDERiCi
1451 113 1500 139 ΙΙΙ.
1537 112 1611 138 1329.
1649 112 1697 138 Nr.
1711 112 1769 139 592.

394 229 398 234 .
419 229 423 234 .
449 202 668 233 Cluniacensis
693 204 725 231 et
750 225 755 230 .
775 225 780 230 .
806 199 922 230 Sancte
940 198 1105 230 Genevefe
1131 202 1163 229 et
1187 199 1217 229 in
1242 199 1403 239 presentia
1428 199 1567 229 omnium
1594 198 1809 239 predictorum
1836 199 2042 239 prelatorum,

392 253 551 291 ordinum,
575 253 800 292 magistrorum
828 251 858 281 in
883 250 1060 291 theologia,
1090 249 1256 281 doctorum
1280 250 1311 280 in
1336 249 1473 280 decretis
1504 253 1536 280 et
1559 250 1661 280 tocius
1693 249 1828 280 ecclesie
1852 249 2043 281 Parisiensis

391 305 521 345 capituli
546 307 578 333 et
602 303 680 333 tanti
697 303 828 333 alterius
851 302 971 343 populi,
997 301 1082 342 quod
1099 302 1151 332 vix
1168 304 1317 342 poterant
1333 302 1432 342 recipi
1457 301 1487 331 in
1505 301 1642 332 ecclesia
1666 305 1698 331 et
1721 301 1829 342 platea
1846 301 1910 332 alia
1926 312 2043 342 magna

392 366 453 396 que
477 358 525 385 est
548 358 621 384 ante
646 357 754 395 portas
782 353 880 394 ipsius
905 353 1040 384 ecclesie
1069 356 1101 383 et
1130 353 1161 383 in
1190 353 1261 383 aliis
1285 353 1415 383 careriis
1439 352 1702 393 circumquaque,
1732 353 1761 383 in
1790 353 1861 383 loco
1892 353 2043 384 eminenti

391 410 422 437 ct
446 406 527 437 bene
552 408 663 436 ornato
689 405 791 435 dictus
816 404 962 435 dominus
988 405 1156 445 episcopus
1180 404 1358 444 predicavit
1382 406 1414 434 et
1438 404 1547 435 thema
1570 414 1661 434 suum
1686 404 1757 434 fuit:
1782 403 1972 435 ‘Benedicat
1987 415 2044 435 nos

389 458 478 488 Deus
494 458 582 488 Deus
598 456 746 495 noster³¹,
767 457 870 497 ipsum
895 456 1004 487 thema
1021 457 1123 496 primo
1141 456 1180 486 ad
1205 459 1346 486 sanctam
1363 455 1563 493 Trinitatem,
1589 455 1792 496 postmodum
1817 455 1856 486 ad
1874 466 2044 496 personam

390 509 509 539 domini
536 519 618 549 pape
643 507 870 539 convertendo.
916 507 957 538 Et
981 518 1051 538 cum
1076 507 1208 538 dixisset
1232 508 1263 537 in
1287 507 1464 538 substantia
1479 507 1663 548 vulgariter,
1689 507 1773 548 quod
1798 507 1829 537 in
1853 507 2043 547 quibusdam

390 560 592 601 processibus
616 559 854 598 continebatur,
880 559 1083 600 postmodum
1109 559 1185 589 dicti
1211 569 1377 599 processus
1402 558 1531 589 fuerunt
1557 558 1632 588 lecti
1655 559 1790 589 multum
1814 558 1989 589 solenniter
2013 562 2045 589 et

390 622 447 652 per
470 611 611 642 notarios
635 611 797 651 publicati.
844 610 1055 641 Postmodum
1081 621 1171 649 vero,
1199 614 1233 641 ut
1257 611 1358 641 onmis
1385 621 1473 641 error
1496 610 1617 650 positus
1641 610 1673 640 in
1698 609 1847 641 cordibus
1870 611 2043 641 multorum

391 666 531 694 cessaret
555 666 587 693 et
615 663 719 693 exiret
742 662 782 693 de
806 666 912 693 mente
938 662 1079 702 ipsorum
1104 666 1214 692 contra
1239 662 1409 702 quosdam,
1438 662 1492 702 qui
1516 661 1655 702 suspecti
1679 661 1880 692 habebantur
1904 662 1944 692 de
1969 672 2042 693 con-

389 714 485 745 tentis
508 715 538 744 in
563 713 655 744 dictis
679 713 890 754 processibus,
915 713 1152 744 deliberacione
1177 713 1288 744 habita
1311 724 1381 744 cum
1398 713 1599 754 quibusdam,
1624 714 1677 754 qui
1701 716 1773 743 sunt
1789 723 1864 744 vere
1887 713 2044 744 zelatores

390 766 465 797 fidei
490 769 521 796 et
545 766 598 806 qui
623 765 758 805 diligunt
781 765 937 795 honorem
961 765 1106 804 ecclesie,
1132 764 1314 805 specialiter
1338 775 1410 795 cum
1435 765 1626 806 ..generali
1643 765 1786 795 ministro
1803 765 1961 795 Minoi-um
1986 764 2045 795 fuit

391 817 585 856 ordinatum,
611 817 696 857 quod
720 827 800 847 unus
824 816 863 847 de
888 816 1039 846 fratribus
1063 817 1111 846 sui
1136 816 1268 855 ordinis,
1300 817 1353 857 qui
1379 820 1464 846 esset
1487 817 1631 847 minister
1655 820 1687 847 et
1710 816 1864 856 magister
1891 816 1923 846 in
1953 827 2044 847 sacra

391 869 517 909 pagina,
542 872 615 909 post
637 868 816 908 predictam
840 867 1093 908 publicaci011em
1118 862 1301 908 predicaret
1325 871 1357 899 et
1381 871 1454 908 post
1479 878 1660 899 sermonem
1684 878 1775 898 suum
1801 868 1922 899 diceret
1945 868 2043 899 verba

391 930 454 960 que
484 923 667 960 sequuntur.
721 919 762 949 Et
790 920 834 949 sic
865 919 984 950 factum
1014 919 1073 950 fuit
1105 924 1137 950 et
1166 920 1290 960 accepit
1320 919 1430 950 thema
1459 930 1566 950 suum:
1590 918 1727 950 ‘Fidelia
1758 920 1863 950 omnia
1892 919 2044 950 mandata

392 973 460 1002 eius
485 972 575 1003 etc’2
600 974 631 1002 et
654 976 726 1012 post
750 982 931 1002 sermonem
957 982 1047 1001 suum
1077 971 1108 1001 in
1135 972 1294 1012 presentia
1318 971 1394 1001 dicti
1418 971 1577 1012 generalis
1606 975 1637 1001 et
1662 972 1801 1002 omnium
1832 971 1966 1002 aliorum
1991 971 2044 1011 qui

390 1026 613 1063 rcpresentant
637 1027 738 1053 totum
764 1023 907 1053 ordinem
933 1022 1027 1057 dixit,
1060 1023 1144 1063 quod
1174 1023 1242 1064 ipse
1266 1024 1394 1054 nomine
1426 1023 1524 1063 ipsius
1548 1022 1707 1064 generalis
1736 1026 1767 1053 et
1799 1023 1898 1053 tocius
1927 1022 2045 1053 ordinis

392 1074 594 1115 approbabat
610 1085 721 1105 omnes
739 1085 907 1114 processus
925 1078 1034 1105 contra
1059 1074 1129 1105 illos
1154 1074 1232 1104 duos
1256 1074 1412 1115 pessimos
1428 1074 1604 1105 Mai-silium
1630 1077 1661 1105 et
1677 1073 1854 1104 Iohannem
1879 1078 1911 1104 et
1935 1077 2044 1104 contra

391 1126 479 1156 illum
497 1126 656 1156 Bavarum
682 1129 713 1156 et
737 1129 846 1157 contra
870 1126 959 1156 illum
977 1126 1109 1156 Petrum
1128 1126 1167 1156 de
1185 1126 1338 1156 Corvaria
1362 1129 1394 1156 et
1417 1126 1505 1156 illum
1524 1125 1737 1156 Michaelem³
1762 1128 1794 1156 et
1818 1128 1927 1156 contra
1951 1136 2045 1166 quos-

393 1188 516 1218 cunque
541 1178 620 1208 alios
646 1182 797 1218 tanquam
820 1188 924 1215 veros,
950 1177 1063 1208 fideles
1088 1181 1119 1207 et
1143 1177 1313 1217 legitimos,
1339 1178 1398 1207 rite
1429 1180 1461 1207 et
1484 1177 1627 1218 legitime
1652 1177 1754 1207 factos
1786 1181 1817 1208 et
1846 1177 1952 1208 omnia
1982 1177 2045 1207 alia

391 1229 544 1259 mandata
575 1233 606 1259 et
637 1229 853 1259 ordinationes
884 1232 916 1259 et
944 1229 1139 1269 reprobabat
1168 1239 1279 1259 omnes
1308 1239 1477 1269 processus
1507 1229 1608 1259 factos
1638 1231 1703 1269 per
1725 1229 1802 1259 istos
1826 1229 1988 1259 Bavarum
2014 1231 2045 1259 et

392 1280 585 1311 Michaelcm
610 1284 641 1310 et
665 1281 744 1310 alios
769 1284 801 1311 et
825 1281 932 1311 onmia
955 1280 1107 1311 mandata
1132 1284 1164 1310 ot
1188 1280 1404 1311 ordinationes
1429 1291 1548 1311 eorum.

501 1333 528 1361 2.
554 1331 626 1361 Istis
651 1333 729 1362 actis
753 1332 812 1362 fuit
828 1342 1011 1372 processum
1029 1332 1070 1362 ad
1088 1333 1312 1362 executionem
1337 1331 1517 1363 faciendam
1535 1343 1630 1372 super
1647 1332 1708 1361 illis
1725 1331 1927 1372 processibus
1951 1331 2044 1362 here-

393 1383 528 1413 ticorum
560 1382 651 1413 factis
679 1386 789 1413 contra
817 1383 979 1413 dominum
1013 1394 1129 1424 papam
1158 1387 1190 1414 et
1218 1384 1373 1424 appositis
1401 1384 1431 1413 in
1462 1384 1564 1414 ianuis
1594 1383 1729 1414 ecclesie
1753 1383 1952 1413 Parisiensis.
2003 1382 2045 1413 Et

392 1444 463 1464 cum
487 1433 648 1474 predictus
672 1433 818 1464 domiuus
843 1435 1012 1475 episcopus
1036 1438 1067 1465 et
1084 1434 1288 1475 postmodum
1313 1435 1478 1475 inquisitor
1502 1435 1715 1465 ostendissent
1738 1435 1934 1475 generaliter
1958 1438 1990 1465 et
2013 1435 2045 1464 in

393 1485 570 1515 substantia
594 1496 718 1516 errores
742 1496 912 1526 expressos
936 1487 966 1516 in
992 1485 1083 1516 dictis
1100 1486 1301 1526 processibus
1318 1486 1546 1517 hereticalibus
1570 1487 1600 1516 in
1617 1487 1780 1526 presentia
1798 1486 1952 1516 dictorum
1972 1496 2044 1526 pre-

392 1536 529 1567 latorum
561 1539 593 1567 et
622 1537 653 1567 in
677 1538 839 1577 presentia
871 1538 1012 1567 omnium
1037 1538 1261 1578 magistrorum
1292 1538 1323 1568 in
1348 1537 1512 1577 theologia
1543 1541 1575 1568 et
1600 1537 1766 1568 doctorum
1798 1538 1827 1567 in
1854 1537 1990 1567 decretis
2014 1540 2046 1567 et

393 1588 563 1618 multorum
595 1588 729 1618 aliorum
754 1589 891 1618 virorum
921 1599 1109 1629 magnorum
1140 1592 1172 1619 et
1201 1589 1302 1619 tocius
1327 1589 1457 1619 alterius
1481 1589 1589 1630 populi
1614 1581 2047 1629 pr011unciave1·unt,'omnia

393 1642 542 1669 contenta
565 1639 595 1669 in
620 1639 711 1669 dictis
736 1640 948 1679 processibus,
982 1644 1014 1670 et
1043 1640 1117 1680 quia
1141 1640 1225 1670 facta
1254 1640 1380 1670 fuerant
1409 1641 1449 1671 ab
1474 1640 1623 1671 hereticis
1654 1644 1686 1671 et
1717 1641 1790 1680 quia
1818 1640 1858 1670 de
1891 1650 1924 1670 se
1955 1643 2045 1670 erant

392 1691 595 1727 hereticalia,
628 1690 694 1721 fore
720 1694 752 1720 et
781 1701 850 1721 esse
883 1691 1071 1722 hereticalia
1102 1695 1133 1722 et
1166 1695 1275 1722 contra
1304 1691 1400 1722 fidem
1431 1692 1621 1722 catholicam
1652 1691 1746 1722 facta.
1792 1691 1931 1732 Propter
1959 1691 2043 1732 quod

392 1742 493 1772 dictos
527 1752 693 1782 processus
724 1746 875 1782 tanquam
915 1744 1114 1773 continentes
1143 1743 1273 1773 hereses
1304 1746 1336 1773 et
1366 1743 1571 1774 infidelitates
1602 1747 1633 1774 et
1664 1744 1738 1784 quia
1769 1753 1921 1784 expresse
1955 1746 2045 1773 erant

392 1797 501 1823 contra
527 1793 633 1829 fidem,
659 1793 934 1834 condempnarunt
958 1805 1012 1825 eos
1038 1805 1107 1825 esse
1126 1795 1371 1832 comburendos,
1397 1806 1436 1825 ne
1453 1795 1588 1836 predicti
1614 1805 1737 1825 errores
1760 1796 1791 1824 in
1815 1794 1943 1824 auribus
1966 1794 2045 1824 fide-

391 1845 467 1874 lium
491 1845 731 1875 inculcarentur.
780 1845 820 1875 Et
844 1846 887 1875 sic
911 1846 975 1875 lata
1002 1845 1087 1876 dicta
1111 1847 1275 1876 sentencia
1300 1846 1375 1877 dicti
1398 1857 1566 1886 processus
1591 1846 1717 1876 fuerunt
1739 1846 1835 1886 positi
1859 1846 1889 1875 in
1907 1844 2045 1886 quadam

391 1906 508 1936 magua
532 1896 665 1936 patella,
695 1896 748 1926 ubi
774 1900 842 1927 erat
866 1907 1001 1937 magnus
1026 1898 1107 1938 ignis
1132 1897 1320 1935 carbonum,
1352 1901 1385 1928 et
1408 1899 1438 1928 in
1463 1898 1683 1928 combustione
1714 1898 1773 1928 fuit
1797 1907 1932 1937 magnus
1963 1896 2045 1936 ignis

393 1951 424 1978 et
448 1951 481 1977 ut
506 1948 683 1988 apparebat
700 1951 784 1978 totus
801 1949 937 1989 populus
955 1952 986 1979 ct
1003 1960 1113 1980 omnes
1130 1949 1253 1989 reliqui,
1279 1951 1333 1990 qui
1358 1953 1449 1980 erant
1473 1949 1516 1980 ibi
1540 1950 1570 1980 111
1588 1949 1807 1980 combustione
1825 1957 2043 1989 processuum,

393 1999 519 2029 fuerunt
543 1999 676 2038 multum
702 1999 862 2030 delectati.
915 2000 1008 2031 Unde
1034 2011 1195 2041 nunquam
1219 2001 1361 2031 Parisius
1390 2012 1448 2031 nec
1476 2001 1553 2032 alibi
1582 2002 1640 2031 fuit
1664 2001 1766 2031 maior
1790 2000 1963 2030 solennitas
1987 1998 2043 2029 ad-

394 2049 496 2080 hibita
520 2050 551 2079 in
575 2050 734 2090 aliquibus
760 2051 961 2091 processibus
985 2051 1184 2092 publicandis
1208 2062 1267 2083 uec
1291 2053 1321 2082 in
1347 2053 1416 2083 aliis
1440 2053 1564 2083 actibus
1589 2053 1733 2083 ecclesie.

501 2103 528 2131 3.
562 2100 669 2131 Cei-tv·
694 2102 794 2132 eciam
820 2103 963 2143 deputati
992 2108 1063 2133 sunt
1088 2105 1295 2134 commissarii
1324 2104 1364 2135 ad
1389 2104 1626 2145 inquirendum,
1659 2105 1711 2144 qui
1736 2103 1864 2134 fuerunt
1888 2102 2043 2133 dictorum

394 2163 600 2193 processuum
626 2153 847 2184 hereticalium
873 2154 1032 2185 affixores.

496 2390 560 2416 592.
590 2391 615 2419 l')
635 2393 726 2416 abhinc
746 2393 800 2416 alia
820 2402 911 2416 mamm
931 2403 967 2418 or.

498 2477 521 2504 11
543 2476 587 2502 Ps.
601 2480 638 2508 6⁶,
656 2481 673 2502 Τ.
763 2478 789 2506 2)
810 2477 853 2502 Ps.
868 2482 921 2509 110,
936 2481 958 2503 5.
1052 2479 1077 2510 Ji)
1098 2478 1158 2504 Sal.
1179 2478 1208 2503 tle!
1231 2478 1352 2505 Caesena.

2063 674 2088 693 10

2064 931 2087 950 15

2064 1189 2089 1208 20

2065 1445 2090 1464 25>

2064 1689 2115 1719 30>

2064 1956 2090 1975 35

2060 2398 2087 2416 40
