2205 3025
175 434 187 452 5

162 690 186 708 10

161 946 183 964 15

157 1201 182 1220 20

159 1458 182 1476 25

159 1715 183 1734 ³0

155 1971 179 1990 35

153 2227 178 2245 40

154 2483 179 2502 45

443 115 543 142 ACTA·
558 115 670 142 REGNI
690 117 871 143 LUDEWICI
891 116 936 142 IV.
958 116 1003 142 ET
1024 116 1207 143 FRIDERICI
1227 117 1275 143 ΙΙΙ.

434 204 505 233 390.
528 202 647 233 Forma
670 204 778 234 maior.

586 262 626 292 A.

271 311 338 342 Nos
354 312 565 343 Ludowicusa
581 313 644 344 Dei
667 315 770 354 gratia
787 314 1005 345 Romanorum

207 364 382 404 imperator
405 373 533 404 semper
556 368 718 405 augustus,

270 414 338 445 Etsi
349 424 519 455 regnorum
529 419 713 446 cunctorum
722 417 745 451 ¹³,
760 417 1005 457 principatuum,

208 467 417 497 comitatuum
458 469 490 496 et
533 467 748 506 quorumlibet
792 467 1004 497 dominiorum

205 517 353 548 Romano
377 518 511 558 imperio
537 517 754 549 subiectorum
782 518 865 548 bone
896 518 1004 559 dispo-

206 569 315 600 sicioni
347 572 380 599 et
409 569 606 600 ordinacioni
636 579 753 610 magne
783 569 1005 599 sollicitudinis

205 621 309 652 studio
337 620 504 651 intendere
528 623 722 659 teneamurc,
753 621 900 661 quatinus
929 621 1004 660 ipsis

204 673 236 702 in
260 671 371 703 ordine
401 672 512 712 positis
542 675 626 702 totus
656 671 740 701 orbis
764 675 795 702 et
823 671 1004 702 habitantes

204 724 234 754 in
260 734 298 754 eo
323 724 369 754 sui
398 726 498 754 status
522 723 666 754 ordinem
692 726 723 753 et
755 724 897 763 regimen
929 733 1003 753 con-

203 779 384 816 sequantur,
403 775 486 806 cirea
502 774 698 814 prmcipatus
716 777 833 811 tamen,
851 774 904 814 qui
922 774 1002 803 sacri

202 827 326 867 imperii
353 829 423 857 sunt
448 825 594 857 cardines
618 829 650 856 et
674 825 859 866 columpne.
891 825 1003 865 quales

202 882 274 908 sunt
291 878 496 918 principatuS,
514 877 628 918 quibus
646 877 692 907 ius
705 877 845 918 pertinet
862 876 1003 916 eligendi

204 930 381 970 principem
396 928 626 961 Romanorum,
652 938 690 958 eo
715 929 852 968 amplius
877 931 1003 968 oportet

202 980 378 1014 intendere,
405 991 466 1021 quo
491 979 553 1011 exd
577 990 688 1010 eorum
713 980 797 1009 bona
822 979 1001 1019 provisione

203 1035 398 1062 sustentatur
430 1032 615 1072 imperium,
653 1032 774 1071 regitur
805 1030 940 1060 mundus
971 1034 1003 1060 et

200 1083 372 1114 fulciuntur
406 1084 459 1113 alii
492 1084 695 1123 principatus.
751 1083 834 1112 Sanc
868 1085 1001 1112 vacante

200 1135 334 1176 imperio
370 1135 549 1176 principatu
584 1134 725 1164 marchio
760 1133 1001 1164 Brand(enbur-

201 1187 323 1228 gensis)
350 1197 407 1227 per
431 1186 551 1216 obitum
577 1185 776 1215 VVoldmari⁰
801 1185 891 1214 olims
916 1195 1000 1215 mar-

203 1239 323 1269 chionis
340 1237 696 1277 Brands'enburgensis‘a,
715 1236 754 1266 do
772 1237 860 1266 cuius
877 1237 1000 1267 temore

202 1290 252 1321 vel
288 1290 382 1321 domo
418 1289 520 1319 nullus
555 1287 720 1319 descendit
756 1288 805 1317 vel
840 1291 1001 1328 superstes

201 1342 260 1372 fuit
284 1342 377 1372 heres
401 1351 497 1371 sexus
520 1343 555 1371 ut
579 1341 719 1380 oportuit
744 1339 918 1370 masculini.
944 1350 998 1369 vo-

201 1394 302 1424 lentes
327 1393 386 1433 ipsi
410 1392 567 1431 Marchie,
593 1402 654 1432 que
680 1391 775 1422 etiam
801 1391 998 1421 archicame-

202 1448 288 1475 ratus
320 1444 428 1475 existit
457 1444 597 1484 imperii,
633 1442 802 1483 providere
831 1443 1000 1473 salubriter

201 1500 233 1527 ct
265 1506 335 1526 eam
366 1496 396 1525 in
427 1495 509 1526 bono
543 1494 698 1535 regimine
728 1504 848 1534 ponere
882 1498 999 1535 atqueg

200 1551 293 1581 statu,
318 1547 473 1577 illustrem
491 1546 714 1585 Ludixovicum)
732 1546 830 1575 filium
857 1549 996 1576 nostrum

200 1598 448 1639 primogenitum
472 1609 535 1628 non
559 1608 599 1628 ex
623 1597 739 1628 affeetu
770 1597 920 1628 naturali.
951 1602 999 1628 set

200 1651 279 1681 sacri
303 1650 438 1690 imperii,
463 1650 510 1679 eui
530 1649 697 1679 defiximus
714 1660 768 1679 cor
788 1652 940 1688 nostrum,
965 1654 998 1679 nt

202 1712 298 1742 super
332 1702 438 1731 onmia
469 1701 536 1731 eius
571 1704 744 1741 augmento
776 1705 808 1731 et
841 1701 996 1741 profectui

198 1752 415 1791 intendamus,
446 1753 591 1782 utilitatis
621 1756 770 1792 respectu
799 1752 838 1783 de
866 1763 997 1783 assensu

199 1805 375 1845 principun]
405 1803 580 1834 electorum
612 1807 644 1834 et
672 1804 802 1833 consilio
832 1805 995 1835 consulum

200 1859 231 1886 et
254 1866 421 1896 procerum
444 1856 569 1896 imperii
592 1855 735 1896 predicte
753 1855 894 1885 Mart-hi«-
920 1856 996 1886 feci-

199 1918 268 1938 mus
293 1910 324 1938 et
349 1906 542 1947 prefecimus
566 1907 797 1942 marchionem,
829 1907 995 1938 eonferen-

199 1962 247 1989 tes
282 1958 387 1989 eidem
422 1968 458 1988 ac
494 1958 694 1988 infeodantes
727 1961 759 1988 et
790 1959 996 1989 investientes

200 2020 271 2041 eum
297 2010 336 2041 de
361 2010 540 2050 principatu
565 2009 616 2040 et¹¹
645 2009 899 2040 archieaineratu
924 2021 995 2041 eum

198 2061 344 2092 omnibus
360 2060 490 2097 iuribus,
508 2060 786 2094 iurisdictionibus,
812 2061 995 2097 honoribus,

197 2112 387 2145 civitatibus,
413 2114 537 2143 castris.
561 2113 665 2147 terris,
690 2112 791 2149 bonis,
816 2113 996 2143 hominibus

197 2168 230 2195 et
253 2165 323 2195 aliis
339 2164 493 2194 universis
514 2164 573 2204 ipsi
591 2164 823 2194 marchionatui
847 2168 995 2204 spectan-

198 2215 280 2246 tibus
308 2226 365 2256 per
393 2218 553 2255 sceptrum
579 2215 687 2256 regale
716 2215 773 2246 sub
799 2216 941 2245 vannulis
964 2219 997 2246 et

198 2267 322 2298 vexillis
353 2267 586 2307 sollempniter,
617 2270 651 2296 ut
681 2270 729 2296 est
757 2267 862 2297 moris.
909 2267 995 2298 Vere

199 2318 334 2349 seientes
359 2317 444 2358 quod
468 2319 536 2358 ipse
561 2318 641 2348 filius
665 2322 774 2348 noster
797 2319 994 2359 consangwi-

198 2369 353 2408 neorumi,
379 2368 520 2399 affinium
546 2372 577 2399 et
595 2370 769 2400 amicorum
787 2380 914 2400 suorum
940 2381 998 2410 per

197 2430 309 2460 gyrum
327 2419 540 2450 residencium
559 2424 591 2450 et
607 2420 760 2451 nobilium
778 2431 814 2451 ac
832 2422 995 2451 civitatum

198 2470 352 2510 Marchie,
370 2472 421 2512 qui
436 2471 606 2512 plurimum
624 2471 682 2501 sibi
694 2471 854 2509 favebant,
872 2476 994 2502 nostre-

198 2531 260 2561 que
294 2522 418 2553 virtutis
448 2523 587 2563 presidio
626 2523 708 2554 dicte
740 2524 883 2554 Marchie
909 2523 995 2554 etin

299 2623 365 2650 390.
395 2625 417 2649 ἢ)
436 2626 500 2650 Lud.
516 2625 537 2650 1.

197 2664 220 2695 s)
240 2667 293 2691 sive
311 2666 335 2692 2.
424 2666 449 2696 h)
468 2676 497 2692 ae
517 2666 540 2692 2,

610 2625 635 2653 b)
648 2632 783 2651 cuntorum
799 2626 821 2651 1.

629 2668 646 2699 i)
666 2670 916 2701 consangwiniorum
938 2669 958 2693 l.

299 2725 364 2751 391.
393 2726 415 2751 θ’)
435 2728 561 2758 respectui
582 2727 602 2752 1.
693 2727 716 2759 b)
736 2729 882 2759 preficimus
904 2728 925 2753 1.

893 2626 916 2655 ej,
930 2631 1067 2651 teneantur
1081 2627 1103 2651 1.

1314 117 1387 143 1328.
1424 117 1472 144 ΝΥ.
1485 118 1544 144 390.
1563 118 1621 144 391.
1795 121 1855 150 *291

1285 205 1356 234 391.
1383 204 1502 235 Forma
1526 205 1636 235 minor.

1439 264 1481 294 B.

1123 314 1190 345 Nos
1207 314 1423 346 Ludr'owious.
1442 316 1504 346 Dei
1522 316 1624 356 gratia
1639 316 1858 346 Romanorum

1058 366 1233 406 imperator
1257 376 1385 407 semper
1409 371 1572 408 augustus.

1123 417 1190 446 Etsi
1201 416 1408 459 cun[c]torum
1421 428 1601 459 regnorum,
1612 419 1857 459 principatuum,

1058 469 1265 499 comitatuum
1309 472 1340 500 et
1383 470 1599 510 quorumlibet
1645 469 1857 500 dominiorum

1057 519 1203 550 Romano
1228 520 1363 560 imperio
1381 521 1595 551 subiectorum
1621 521 1703 552 bone
1721 520 1856 562 disposi-

1057 571 1133 600 tioni
1152 574 1183 601 et
1204 571 1394 602 ordinationi
1419 583 1534 612 magne
1553 572 1774 603 sollicitudinis
1791 576 1856 603 stu-

1058 621 1109 651 dio
1140 622 1306 652 intendere
1335 626 1517 663 teneamur,
1550 625 1698 664 quatinus
1726 625 1802 664 ipsis
1826 625 1856 654 in

1058 672 1167 702 ordine
1197 674 1307 713 positis
1337 678 1422 704 totus
1447 675 1531 705 orbis
1559 679 1591 705 et
1620 675 1801 706 habitantes
1826 676 1856 706 in

1057 733 1096 753 eo
1127 725 1174 754 sui
1206 727 1307 754 status
1332 725 1475 756 ordinem
1505 730 1537 756 et
1570 727 1712 766 regimen
1744 737 1855 757 conse-

1057 778 1206 815 quantur,
1231 776 1313 805 circa
1339 777 1532 816 principatus
1557 782 1672 809 tamen.
1697 778 1750 818 qui
1775 779 1856 809 sacri

1056 826 1180 865 imperii
1206 830 1278 856 sunt
1306 827 1451 858 cardines
1477 832 1509 858 et
1533 829 1715 869 columpne,
1745 829 1856 869 quales

1056 881 1128 907 sunt
1161 878 1371 918 principatus,
1409 880 1523 919 quilius
1553 881 1599 909 ius
1630 881 1767 921 pertinet
1797 881 1853 911 eli-

1055 929 1152 968 gendi
1181 929 1357 969 principem
1388 930 1620 962 Romanorum.
1650 942 1687 961 eo
1718 932 1855 972 amplius

1056 983 1182 1020 oportet
1220 980 1402 1016 intendere,
1443 992 1505 1022 quo
1545 994 1584 1012 ex
1624 993 1733 1012 eorum
1772 983 1855 1014 bona

1055 1032 1235 1072 provisione
1274 1036 1470 1063 sustentatur
1509 1034 1690 1073 imperium,
1734 1035 1856 1075 regitur

1054 1083 1190 1113 muudus
1215 1088 1246 1114 et
1263 1083 1435 1114 fulciuntur
1452 1084 1503 1114 alii
1529 1085 1731 1125 principatus.
1771 1085 1854 1116 Sane

1054 1139 1187 1165 vacante
1216 1135 1350 1175 imperio
1382 1136 1560 1176 principatu
1589 1136 1730 1166 marchie
1754 1137 1854 1167 Bran—

1055 1186 1310 1226 ‹lg'enburgeusisi
1337 1196 1394 1227 per
1422 1187 1542 1217 obitum
1569 1187 1747 1217 XVoldmari
1779 1188 1854 1218 olim

1055 1238 1244 1268 marchionis
1283 1238 1644 1279 Bran‹l(enburgensis),
1689 1238 1728 1269 de
1767 1240 1854 1269 euius

1054 1290 1176 1320 femore
1201 1289 1251 1320 vel
1281 1290 1375 1320 domo
1406 1290 1509 1320 nullus
1538 1290 1704 1320 descendit
1728 1291 1776 1320 vel
1802 1302 1853 1321 su—

1054 1345 1177 1381 perstes
1207 1341 1265 1371 fuit
1297 1341 1390 1371 heres
1421 1353 1516 1372 sexus
1542 1346 1574 1371 ut
1606 1343 1746 1382 oportuit
1770 1353 1853 1372 mas-

1053 1392 1161 1430 culini,
1198 1393 1342 1423 volentes
1376 1394 1434 1433 ipsi
1468 1393 1621 1424 Marehie.
1659 1404 1720 1434 que
1757 1394 1852 1424 etiam

1053 1444 1324 1475 arehieameratus
1363 1445 1471 1474 existit
1506 1446 1644 1485 imperii,
1685 1445 1853 1485 providere

1053 1496 1222 1526 salubriter
1246 1502 1277 1526 et
1295 1506 1366 1526 eam
1392 1497 1421 1526 in
1445 1496 1528 1526 bono
1555 1497 1708 1537 regimine
1734 1507 1852 1537 ponere

1053 1550 1148 1588 atque
1180 1552 1279 1579 statu.
1312 1548 1467 1577 illustrem
1500 1548 1722 1586 Inulisovimun·
1754 1548 1852 1578 tilium

1053 1603 1193 1629 nostrum
1223 1600 1473 1639 primogenitum
1500 1611 1559 1629 nou
1591 1611 1630 1629 ex
1656 1600 1771 1629 affoctu
1796 1610 1851 1630 na-

1053 1650 1155 1683 turali,
1181 1654 1228 1681 set
1253 1651 1332 1681 sacri
1358 1652 1498 1692 imperii.
1528 1651 1575 1681 eui
1607 1651 1775 1681 defiximus
1799 1662 1853 1682 eor

1051 1710 1203 1739 nostrum,
1228 1706 1262 1732 ut
1286 1713 1381 1743 super
1403 1703 1509 1733 omnia
1534 1704 1600 1733 eius
1622 1707 1795 1743 augmento
1821 1706 1853 1733 et

1052 1753 1207 1793 p1·‹;›fe(·tui
1230 1754 1440 1787 intendamus,
1464 1754 1608 1784 utilitatis
1627 1758 1793 1794 1·‹=spec‹t11³
1811 1754 1850 1784 de

1050 1815 1180 1835 assensu
1220 1806 1395 1846 principum
1436 1806 1609 1836 electorum
1651 1809 1682 1835 et
1721 1805 1851 1835 consilio

1050 1857 1213 1886 consulum
1253 1860 1284 1887 et
1328 1867 1495 1897 procerum
1538 1858 1660 1897 imperii

1050 1907 1191 1938 Marchie
1204 1908 1338 1938 fecimus
1352 1913 1383 1938 et
1398 1908 1609 1948 prefecimusb
1624 1908 1851 1943 marchionem,

1050 1959 1251 1990 conferentes
1283 1959 1387 1990 eidem
1421 1970 1458 1989 ac
1487 1959 1720 2000 i11pli‹=‹t›(lantes
1749 1964 1780 1990 et
1803 1960 1850 1990 in-

1049 2011 1222 2041 vestientes
1247 2021 1319 2041 eum
1345 2011 1383 2041 de
1402 2011 1579 2051 principatu
1605 2014 1637 2040 et
1653 2011 1849 2041 archicame-

1049 2066 1118 2092 ratu
1143 2073 1214 2093 cum
1239 2062 1386 2092 omnibus
1410 2063 1545 2099 iuribus,
1571 2062 1850 2101 iurisdictionibus,

1706 1857 1849 1897 predicte

1049 2113 1231 2145 honoribus
1249 2114 1440 2145 civitatibus.
1459 2114 1580 2151 castris,
1604 2115 1704 2152 terris,
1732 2114 1849 2145 bonis-¹⁷.

1050 2165 1231 2195 hominibus
1261 2169 1292 2195 et
1320 2165 1390 2194 aliis
1420 2165 1575 2195 universis
1603 2165 1661 2205 ipsi
1691 2164 1848 2195 marchio-

1050 2217 1137 2246 natui
1158 2217 1377 2257 spectantibus
1398 2227 1454 2256 per
1476 2220 1634 2256 sceptrum
1658 2216 1767 2256 regale
1792 2215 1849 2245 sub

1049 2268 1193 2298 vannulis
1210 2272 1241 2298 et
1254 2267 1378 2298 vexillis
1396 2267 1614 2308 scdempniter,
1633 2270 1666 2297 ut
1683 2272 1729 2297 est
1742 2267 1847 2297 moris.

1049 2319 1135 2349 Vere
1159 2320 1295 2350 seientes
1324 2318 1409 2360 quod
1434 2320 1501 2358 ipse
1527 2319 1608 2348 tilius
1636 2322 1743 2348 noster
1772 2328 1845 2347 eou-

1051 2371 1321 2411 sangwineorum,
1351 2369 1493 2400 affinium
1521 2374 1552 2400 et
1576 2370 1749 2400 amicorum
1774 2379 1846 2398 suo-

1050 2432 1119 2452 rum
1148 2432 1205 2462 per
1235 2432 1348 2463 gyrum
1381 2420 1592 2451 resideneium
1629 2426 1660 2450 et
1694 2420 1846 2450 nobilium

1050 2484 1086 2503 ac
1115 2473 1278 2503 civitatum
1310 2472 1467 2509 Marchie,
1499 2472 1551 2512 qui
1587 2472 1757 2511 plurimum
1788 2471 1845 2500 sibi

1049 2524 1213 2562 favebant,
1243 2528 1413 2564 nostreque
1445 2523 1568 2552 virtutis
1595 2522 1733 2562 presidio
1763 2521 1846 2550 dis—te

1823 2622 1837 2637 -)

1176 2626 1200 2653 d)
1214 2633 1238 2650 et
1253 2625 1276 2650 ’2.
1349 2628 1370 2651 ⁰)
1386 2626 1540 2650 &Voldemari
1556 2624 1578 2649 2.
1650 2625 1668 2655 ¹)
1682 2624 1807 2655 quondam
1823 2640 1845 2646 -.

1015 2728 1036 2759 c)
1057 2734 1081 2753 et
1100 2729 1160 2753 (μω.
1181 2729 1202 2752 1.
