2205 3025
513 165 610 191 'ACTA
629 165 741 191 REGNI
762 166 944 193 LL'DEWICI
964 167 1010 193 IV.
1031 168 1075 194 ET
1095 168 1277 195 FRIDERICI
1298 169 1345 195 111.
1386 170 1460 196 1329.
1497 171 1543 196 ΝΥ.
1558 171 1614 198 605.
1830 176 1891 205 507

525 272 608 307 605.
650 272 874 316 Confirmatio
895 273 1153 318 prieilcgsiorum
1176 276 1357 318 qezzcrtzlis.
1463 277 1621 312 Icm.1;)1.

353 344 512 385 Ore'yinale
536 346 566 376 A
589 356 685 377 mauu
710 346 901 377 Germanica
923 347 1074 386 scriptum
1100 348 1210 379 ibidem
1244 348 1348 390 ‘Cape
1390 351 1516 382 Cremae
1554 361 1603 383 nr.
1621 354 1728 385 23691
1778 353 1893 385 Contu-

242 395 336 427 Zz'mus
358 406 423 427 nos.
468 396 621 436 Siyillmn,
645 397 728 436 quod
746 397 813 439 filis
835 398 943 428 sericis
963 399 1127 436 pendebat,
1152 400 1358 431 desideratur.

352 455 510 495 Oriqz'uale
537 466 600 487 non
622 458 794 494 consectum
828 458 873 488 vel
909 459 998 498 copia
1034 459 1066 489 in
1089 459 1279 491 ccmcellare'a
1313 472 1410 492 numm
1440 462 1557 494 Italica
1581 468 1713 494 avaram
1729 465 1756 495 Β
1781 465 1892 496 ibidem

208 521 219 539 5
241 507 345 548 ‘Caps
369 507 492 538 Divcrs.
517 517 565 538 nr.
583 508 669 538 316⁷.
719 507 916 539 Contule'mus
937 519 1001 540 nos.
1047 509 1225 549 Se'yillaium
1249 522 1311 542 non
1339 516 1416 543 erat.

351 567 400 608 Cf.
425 567 560 598 Bo'lzmer
583 568 602 598 Ζ.
628 578 650 600 c,
669 579 704 607 p.
721 569 784 597 806
807 578 854 598 φιν.
874 569 966 598 1118.

344 643 581 686 {gLudowicusga
605 644 667 675 Dei
691 646 795 685 gratia
818 645 1035 676 Romanorum
1060 647 1234 687 imperator
1257 659 1386 690 semper
1410 656 1571 691 augustus,

349 699 371 726 l.
398 696 500 726 Decet
523 696 762 736 imperatoriam
788 696 1009 727 celsitudinem
1033 699 1226 739 investigare
1251 710 1325 730 cura
1342 701 1429 741 vigili
1451 703 1535 733 circa
1551 702 1688 734 honores
1705 707 1737 734 et
1753 706 1890 737 comoda

237 747 445 778 subditorum.
492 747 543 777 Ad
569 757 624 777 eos
648 751 757 778 tamen
780 747 981 778 liberalitatis
1004 759 1060 779 sue
1084 749 1266 781 uberiorem
1290 752 1543 784 munificenciam
1567 756 1731 786 consuevIt
1748 763 1779 787 et
1796 757 1890 788 decet

195 811 219 830 ιο
239 798 423 837 ostendere,
455 809 534 840 quos
566 809 623 839 pre
654 799 723 830 aliis
752 799 887 839 purioris
918 799 992 830 fidei
1023 811 1059 831 ac
1088 801 1293 832 fervencioris
1319 803 1500 835 devocionis
1525 807 1707 837 constancia
1732 807 1790 838 sibi
1814 819 1887 849 per-

236 850 384 891 pensius¹'
413 853 445 881 et
474 851 631 880 intencius
655 849 794 881 reddidit
818 851 1068 882 commendatos.
1117 851 1200 883 Sane
1224 853 1307 884 inter
1331 858 1455 885 ceteros
1479 860 1603 887 nostros
1627 858 1738 889 fideles
1762 860 1888 900 imperii

234 901 405 932 manifeste
429 902 636 942 cognovimus
660 902 821 932 civitatem
840 902 998 932 Oremone
1023 906 1055 933 et
1079 903 1164 934 cives
1188 904 1286 944 ipsius
1311 906 1446 936 civitatis
1470 911 1600 948 propter
1625 919 1733 940 eorum
1757 911 1888 942 virtutes

235 958 266 984 et
290 953 404 984 merita
428 952 560 983 diversis
584 957 638 983 30⁰
662 954 756 983 variis
785 954 960 994 privilegiis
988 965 1006 984 a
1035 955 1142 985 multis
1166 957 1280 986 nostris
1305 960 1389 988 retro
1415 959 1630 1000 principibusd
1656 972 1724 992 esse
1749 962 1886 994 dotato&

232 1004 270 1034 In
295 1004 409 1045 quibus
432 1004 607 1045 privilegiis
632 1005 813 1045 expressius
837 1005 972 1035 vidimus
996 1007 1148 1036 contineri
1174 1008 1279 1038 omnia.
1303 1009 1517 1050 infrascripta:

190 1068 214 1086 ιε,
337 1052 461 1086 ‘Primo
485 1056 516 1086 in
541 1056 706 1097 privilegio
731 1056 933 1096 imperatoris
950 1057 1122 1093 Heinricie,
1149 1059 1286 1098 qualiter
1310 1062 1477 1092 renovavit
1494 1081 1532 1083 —
1551 1064 1678 1094 nomine
1703 1064 1779 1095 dicti
1800 1077 1885 1096 com-

233 1107 336 1137 munis
362 1106 518 1137 Cremone
543 1107 700 1137 concessit
724 1112 756 1138 et
778 1107 952 1138 stabilitate
977 1114 1134 1149 perpetua
1159 1110 1400 1141 confirmavit.³'1

343 1160 371 1188 2.
397 1158 602 1198 Quapropter
625 1158 864 1189 considerantes
888 1159 1029 1199 ipsorum
1055 1159 1318 1191 Cremonensium
1344 1162 1486 1194 fidelium
1518 1171 1696 1196 nostrorum
1722 1177 1829 1198 veram
1855 1172 1886 1199 et

232 1213 352 1240 rectam
378 1210 589 1240 constantiam
614 1219 650 1240 ac
675 1210 771 1240 etiam
797 1220 905 1240 eorum
922 1210 995 1241 fidei
1015 1212 1197 1251 puritatem,
1223 1223 1317 1253 quam
1337 1224 1464 1254 semper
1481 1226 1570 1246 sacro
1588 1217 1723 1257 imperio
1742 1222 1773 1248 et
1789 1219 1885 1249 etiam

232 1261 323 1291 nobis
346 1261 387 1291 ad
410 1261 579 1302 imperium
603 1261 852 1301 procedentibus
876 1261 1133 1293 demonstrarunt
1157 1274 1193 1294 ac
1218 1274 1346 1305 semper
1370 1267 1584 1308 continueque
1611 1268 1828 1300 demonstrant
1845 1270 1886 1300 ad

189 1323 213 1342 πο
233 1323 290 1342 nos
315 1313 398 1343 solos
422 1322 496 1342 suos
519 1311 652 1342 affectus
676 1316 708 1343 et
732 1313 864 1343 effectus
889 1314 962 1343 totis
987 1314 1105 1344 viribus
1130 1316 1305 1356 erigentes,
1335 1316 1548 1357 disposuimus
1577 1322 1684 1350 nostra
1715 1321 1886 1352 clementia

232 1374 342 1394 eorum
372 1363 509 1394 honores
537 1367 570 1394 et
596 1365 665 1394 iura
694 1364 897 1405 exigentibus
925 1366 988 1395 suis
1018 1367 1138 1396 meritis
1168 1368 1293 1407 scriptis
1324 1369 1524 1408 presentibus
1550 1370 1701 1401 roborare
1726 1382 1763 1402 ac
1788 1374 1884 1404 etiam

232 1415 387 1456 ampliare
412 1425 535 1445 necnon
559 1425 641 1446 nova
665 1416 887 1447 concessionef
910 1416 1031 1447 dotare.
1070 1417 1204 1448 Noverit
1228 1419 1324 1459 igitur
1348 1421 1567 1452 universorum
1592 1422 1734 1453 fidelium
1759 1425 1884 1465 imperii

231 1469 295 1497 tam
324 1477 455 1507 presens
483 1470 551 1496 etas
580 1477 674 1507 quam
705 1477 888 1498 successura
920 1469 1104 1509 posteritas.
1136 1470 1222 1510 quod
1251 1481 1308 1500 nos
1337 1475 1444 1503 nostra
1476 1472 1668 1504 liberalitate
1694 1485 1730 1504 ac
1754 1478 1882 1516 proprio

229 1522 337 1548 nostro
356 1521 444 1548 motu
462 1519 516 1555 eis,
542 1517 659 1560 qui[a]ss
675 1519 705 1548 in
730 1519 792 1549 fide
810 1520 1037 1552 constantibus-
1063 1524 1095 1551 et
1118 1523 1243 1551 comuni
1269 1533 1379 1553 eorum
1404 1523 1548 1564 predicta
1574 1526 1680 1556 onmia
1705 1530 1737 1556 et
1760 1528 1883 1569 singula

186 1581 209 1600 25
230 1570 399 1611 privilegia
422 1569 687 1610 predecessorum
711 1574 890 1601 nostrorum
920 1575 952 1602 et
976 1572 1081 1602 omnia
1106 1572 1169 1602 alia
1193 1573 1262 1603 iura
1287 1578 1319 1604 et
1342 1575 1511 1616 privilegia
1535 1587 1592 1616 per
1610 1577 1741 1608 eosdem
1758 1582 1882 1609 nostros

231 1625 450 1652 antecessores
474 1631 530 1651 seu
551 1621 630 1651 alios
647 1632 865 1662 quoscumque
883 1623 1138 1655 L‹;›mbardorum
1156 1636 1250 1666 reges
1267 1626 1312 1655 cis
1329 1636 1480 1657 concessa
1498 1638 1619 1658 necnon
1638 1629 1881 1665 iurisdictiones,

229 1672 368 1703 honores
392 1677 423 1703 et
446 1673 606 1711 mancias,
637 1674 717 1703 sicut
744 1673 899 1703 hactenus
930 1674 1133 1714 possiderunt
1157 1676 1205 1706 vel
1231 1677 1320 1717 quasi
1345 1687 1401 1707 seu
1433 1679 1479 1708 ius
1508 1680 1674 1719 competiit
1697 1682 1881 1721 possidendi

228 1724 279 1754 vel
310 1724 412 1764 quasi,
443 1734 484 1754 ex
507 1727 595 1754 certa
619 1725 752 1755 scientia
776 1725 994 1757 concedimus.
1027 1726 1138 1757 damus
1163 1731 1194 1758 et
1218 1728 1392 1758 stabilitate
1418 1734 1573 1770 perpetua
1598 1731 1821 1763 confirmamus
1845 1745 1882 1765 ac

228 1775 416 1806 innovamus
441 1778 472 1805 et
497 1774 536 1805 de
560 1785 641 1805 novo
660 1775 874 1814 concedimus7
899 1777 943 1806 ita
961 1777 1046 1817 quod
1063 1777 1186 1808 roboris
1202 1783 1358 1819 perpetuo
1377 1780 1521 1811 obtineat
1537 1782 1730 1821 firmitatem,
1756 1784 1880 1815 etiamsi

185 1839 210 1856 30
229 1829 361 1867 propter
384 1829 576 1856 vetustatem
601 1826 652 1857 vel
676 1826 770 1857 aliam
796 1837 923 1857 cansam
949 1829 1017 1868 ipsa
1041 1829 1218 1869 privilegia„
1243 1832 1465 1862 concessiones
1483 1836 1514 1863 et
1530 1833 1599 1863 iura
1617 1835 1752 1874 propriis
1769 1836 1881 1875 sigillis

229 1888 287 1908 seu
310 1879 439 1918 propria
464 1878 550 1908 bulla
574 1882 713 1908 careant.
750 1878 821 1909 Non
847 1879 993 1909 obstante
1019 1880 1126 1921 aliqua
1150 1882 1344 1915 cassacione,
1370 1894 1431 1923 que
1457 1883 1541 1914 facta
1566 1894 1635 1914 esse
1660 1887 1881 1926 reperereturh

229 1929 269 1960 de
302 1929 476 1970 privilegiis
504 1930 726 1970 suprascriptis
755 1929 812 1960 sub
841 1931 951 1970 quavis
980 1931 1148 1962 verborum
1177 1933 1279 1963 forma
1308 1944 1366 1974 per
1393 1935 1477 1965 clare
1507 1937 1661 1966 memorie
1693 1936 1880 1969 Heinricum

228 1982 456 2022 imperatorem
490 1981 752 2021 predecessorem
789 1982 966 2017 nostrum2,
1003 1994 1097 2023 quam
1126 1984 1271 2014 volumus
1299 1985 1413 2015 nullius
1445 1996 1514 2017 esse
1544 1987 1660 2017 valoris
1693 1991 1725 2018 et
1748 1990 1880 2029 perinde

228 2043 308 2070 esse,
333 2033 397 2062 acsi
422 2032 508 2062 nulla
532 2033 672 2062 cassacio
698 2032 783 2063 faeta
808 2033 898 2064 foret.

183 2096 207 2114 35
335 2085 363 2114 3.
396 2083 530 2123 Insuper
559 2083 704 2114 volumus
737 2094 870 2114 comune
900 2084 1058 2116 Cremone
1090 2091 1121 2116 et
1154 2087 1299 2117 homines
1329 2088 1426 2127 ipsius
1459 2090 1600 2119 comunis
1631 2090 1751 2121 debere
1786 2102 1878 2132 posse

227 2135 346 2165 habere
371 2134 471 2165 libere
496 2138 528 2165 et
551 2135 682 2175 pacifice
708 2136 872 2175 possidere
898 2140 998 2166 totum
1025 2147 1134 2168 eorum
1160 2139 1381 2179 episcopatum
1407 2143 1438 2169 et
1463 2140 1638 2171 districtum
1664 2146 1729 2172 tam
1747 2143 1777 2173 in
1795 2146 1878 2174 terra

227 2196 322 2227 quam
347 2187 377 2216 in
401 2187 491 2227 aquis
515 2196 587 2216 cum
612 2186 756 2217 omnibus
780 2197 890 2218 eorum
914 2188 1194 2226 iurisdictionibus,
1218 2190 1308 2220 sicuti
1333 2201 1352 2220 a
1376 2191 1506 2231 triginta
1530 2193 1619 2222 annis
1644 2194 1721 2223 citra
1745 2195 1878 2234 pacifice

206 2251 209 2253 ’
226 2237 440 2278 possiderunt,
465 2238 740 2279 qualitercumque
765 2239 814 2269 vel
843 2239 1143 2281 quomodocumque
1173 2242 1373 2282 reperiantur
1394 2242 1434 2272 ab
1452 2243 1521 2272 aliis
1539 2244 1694 2283 possideri
1711 2245 1759 2275 vel
1778 2247 1876 2286 quasi,

226 2290 327 2320 teneri
352 2290 400 2319 vel
428 2290 586 2329 occuparit
611 2300 673 2319 non
698 2289 898 2320 obstantibus
923 2291 1082 2332 aliquibus
1105 2292 1281 2333 privilegiis
1306 2303 1362 2323 seu
1387 2294 1644 2325 concessionibus
1673 2306 1730 2335 per
1754 2300 1877 2327 nostros

182 2353 207 2370 ιο
226 2340 472 2380 predecessores
502 2340 552 2370 vel
581 2351 639 2381 per
667 2351 724 2371 nos
754 2341 912 2382 aliquibus
943 2343 1086 2382 personis
1110 2343 1202 2374 factis
1226 2343 1276 2374 vel
1302 2346 1460 2374 concessis
1485 2349 1516 2376 et
1540 2347 1679 2377 maxime
1703 2348 1876 2388 privilegiis

226 2402 284 2432 per
300 2391 461 2432 prefatum
477 2391 663 2422 Heinricum
680 2393 907 2432 imperatorem
918 2394 929 2411 ³
944 2397 975 2424 et
992 2405 1049 2434 per
1066 2395 1142 2425 nos4
1159 2394 1328 2436 Reynaldo
1347 2396 1431 2426 dicto
1445 2396 1614 2427 Passerino
1633 2397 1673 2427 de
1689 2397 1876 2428 Bonacolsis

227 2442 300 2472 olim
316 2442 444 2473 domino
456 2443 587 2473 Mantue
604 2444 731 2484 suisque
746 2444 918 2475 heredibus
931 2445 982 2475 vel
999 2446 1236 2477 successoribus
1249 2447 1298 2477 vel
1313 2447 1438 2477 comuni
1453 2447 1584 2478 Mantue
1598 2459 1719 2479 necnon
1731 2448 1874 2479 Guberto

226 2493 266 2524 de
290 2493 418 2535 Corigia
442 2494 481 2524 de
503 2494 621 2524 Parma
646 2495 777 2536 eiusque
802 2495 975 2526 heredibus
999 2500 1031 2527 et
1054 2498 1289 2528 successoribus
1313 2508 1369 2528 seu
1393 2498 1463 2528 aliis
1486 2500 1628 2538 personis
1649 2500 1874 2539 recipientibus

225 2555 282 2585 pro
307 2545 468 2586 predictis⁷
494 2546 608 2586 quibus
633 2546 778 2577 omnibus
804 2557 844 2577 ex
868 2552 956 2578 certa
979 2549 1112 2579 scientia
1136 2559 1194 2589 per
1218 2560 1349 2590 presens
1373 2550 1574 2590 privilegium
1601 2550 1801 2590 derogamus.

180 2637 205 2655 45
329 2630 395 2656 605.
424 2632 446 2661 “)
466 2632 638 2656 Lvdouuicus
656 2632 688 2656 B.
759 2632 783 2663 b)
802 2634 954 2665 propensius
974 2634 1004 2658 Β.
1081 2635 1103 2664 c)
1123 2640 1148 2659 et
1166 2635 1197 2659 B.
1279 2634 1303 2660 d)
1323 2635 1544 2666 predecessoribus
1564 2635 1594 2658 L‘.
1675 2635 1696 2661 Ε’)
1717 2636 1819 2659 Henrici
1840 2635 1870 2658 Il.

223 2673 243 2698 sl
263 2673 302 2697 hic
322 2674 347 2697 [⁷1
368 2674 392 2697 B
410 2683 602 2706 monogramma
621 2675 783 2706 imperatoris
802 2676 895 2706 incipit.
986 2678 1010 2707 Β)
1030 2678 1090 2708 quia
1108 2677 1139 2702 B.
1228 2676 1252 2705 h)
1273 2678 1425 2709 reperiretur
1446 2677 1475 2700 Β.

328 2732 353 2765 1)
379 2732 534 2765 Sequuntur
556 2735 675 2758 extracta
698 2733 834 2759 duodecim
854 2735 1069 2767 pria-ilesforuan.·
1097 2736 1131 2767 cf.
1152 2735 1266 2760 Bolzmer
1285 2737 1361 2760 ‘Acta
1388 2735 1491 2766 imperii
1514 2734 1620 2759 selecta*
1644 2733 1660 2759 l.
1678 2741 1698 2759 c.
1721 2736 1744 2758 et
1769 2737 1867 2759 notam.

223 2772 249 2804 2)
270 2772 359 2806 δ’ἱφνιι
380 2777 440 2800 tom.
454 2775 504 2806 IV,
520 2780 531 2800 1
546 2784 574 2807 Ι),
588 2779 633 2801 591
652 2784 692 2802 nr.
706 2780 763 2802 631.
852 2777 878 2809 3)
901 2777 941 2808 Cf.
961 2785 1045 2810 snpr«
1060 2787 1122 2811 pay.
1137 2781 1185 2804 ,302
1205 2781 1282 2803 notas
1301 2781 1316 2804 3
1334 2780 1357 2802 ct
1376 2782 1399 2802 4.
1488 2778 1514 2801 4³
1534 2776 1644 2801 Servata
1662 2785 1716 2801 non
1736 2779 1806 2802 sant.

1613 2827 1661 2852 64*
