2205 3025
349 120 409 147 373
586 113 680 139 ACTA
702 111 813 137 REGNI
836 109 1020 135 LUDEWICI
1041 108 1086 133 IV.
1107 107 1151 133 ΕΤ
1174 106 1356 132 κ“11Ι[)κΣΗΙΟΙ
1378 105 1424 131 111.
1462 104 1534 130 1323.
1573 103 1692 130 Nr.459.
1710 103 1768 129 460.

350 204 428 232 situs
454 200 548 231 fuerit
572 202 604 228 et
628 200 796 231 1111111101115,
822 195 1024 225 dilectionem
1042 197 1181 224 vestram
1204 192 1357 222 attentius
1373 190 1563 231 requirimus
1588 194 1619 221 et
1636 200 1802 220 monemus
1820 192 1852 220 et
1868 189 2000 220 nichilo-

350 254 452 283 minus
483 252 511 280 in
538 251 652 279 virtute
683 250 791 277 sancte
825 245 1008 277 obedientie
1041 244 1202 275 districteh
1227 244 1419 283 precipimus
1451 245 1483 272 et
1513 241 1714 277 mandamus,
1750 251 1788 271 ne
1823 240 1927 271 eidem
1951 241 2001 271 vel

350 302 545 343 quibuslibet
569 300 632 330 suis
657 298 858 339 processibus
882 297 934 327 vel
958 296 1123 327 sententiis
1147 295 1264 325 habitis
1289 294 1339 324 vel
1357 293 1513 324 habendis
1530 291 1773 333 quomodolibet
1789 292 1927 332 pareatis
1944 302 2002 322 nec

350 356 452 394 ipsum
478 362 595 393 papam
620 350 790 380 nominetis
814 348 864 379 vel
890 349 919 377 iu
944 351 1065 388 papatu
1090 346 1224 377 faveatis
1249 346 1378 383 auxilio,
1403 344 1533 375 consilio
1558 343 1609 374 vel
1626 343 1745 374 favore.
1782 344 1902 374 Omnes
1919 344 2002 373 enim

351 408 382 435 et
405 404 559 444 singulos,
585 402 641 442 (1111
665 401 856 431 contrarium
883 403 1105 440 presumerent
1128 398 1179 428 vel
1204 398 1257 438 (1111
1280 397 1486 438 pertinaciter
1509 398 1688 426 assererent
1712 405 1767 425 seu
1792 394 2004 425 defenderent

350 457 452 496 ipsum
486 465 555 484 esse
580 463 688 483 verum
722 462 836 492 papam
871 455 903 482 et
932 452 1047 481 iniuste
1076 451 1234 490 privatum
1264 448 1331 479 fore
1360 451 1392 478 et
1416 446 1531 477 exinde
1556 456 1673 487 papam
1697 446 1912 485 nominarent,
1946 456 2003 476 nos

352 516 478 548 quoque
505 507 607 536 minus
632 505 690 534 rite
715 506 857 533 creatum
884 502 1027 532 dicerent
1050 512 1108 532 nee
1133 500 1297 531 nominare
1325 510 1442 540 papam
1462 498 1580 529 vellent
1595 498 1773 538 nostrisque
1792 497 2003 537 processibus,

351 558 517 588 sententiis
542 560 574 587 et
597 553 851 586 absolutionibus
875 564 938 584 non
962 556 1123 594 parerent,
1148 552 1212 582 acsi
1237 551 1430 591 apostolicus
1447 560 1509 580 non
1525 559 1677 588 essemus,
1701 549 1868 579 autetiam
1885 548 2004 578 blasfe-

352 609 432 639 mias
458 608 547 637 nobis
573 610 604 636 et
629 604 841 635 confratribus
866 605 981 634 nostris
1006 603 1158 642 dicerent,
1183 606 1335 642 tanquam
1352 602 1510 632 hereticos
1528 600 1726 631 decernimus
1744 600 1929 640 puniendos.
1965 600 2006 631 Et

352 660 393 691 ad
418 659 640 690 executionem
672 656 897 697 premissorum
923 655 1083 686 efficacius
1107 654 1304 691 habendam,
1337 652 1514 693 inquisitori
1539 651 1679 681 heretice
1704 652 1870 691 pravitatis
1894 652 2006 682 damus

352 711 552 741 strictissime
582 710 612 739 in
642 708 816 739 mandatis.
846 708 994 747 quatinus
1019 716 1236 747 quoscumque
1261 704 1342 735 tales
1366 703 1536 741 invenerit,
1564 702 1661 732 fultus
1685 704 1874 733 anctoritate
1899 706 2007 734 nostra

354 772 435 803 pena
462 761 570 791 debita
594 760 706 800 puniat
730 762 762 789 et
786 759 931 799 castiget.
972 758 1092 788 Omnes
1116 758 1212 788 etiam
1238 767 1274 786 ac
1299 755 1439 796 singulos
1463 753 1601 785 rebelles
1626 756 1658 784 et
1680 753 1901 785 inobedientes
1917 755 2007 786 nobis

353 814 499 851 clericos,
532 812 758 850 cuiuscumque
788 809 952 850 dignitatis
981 809 1111 845 fuerint,
1143 808 1283 838 maxime
1313 807 1364 847 qui
1394 806 1484 836 iuxta
1515 804 1653 836 edictum
1687 808 1828 835 nostrum
1852 816 1954 846 nuper
1976 807 2007 838 in

353 864 473 895 foribus
506 863 641 893 ecclesie
671 861 802 892 affixum
833 860 873 891 ad
898 860 1114 890 obedientiam
1140 859 1384 901 nonvcnerint,
1414 855 1559 887 omnibus
1583 856 1646 886 suis
1670 855 1831 887 benefieiis
1857 857 2007 889 ecclesia-

354 916 440 945 sticis
458 915 618 955 privamus
638 916 669 943 et
688 913 758 942 aliis
775 912 976 942 decernimus
993 910 1188 941 eonferenda
1212 921 1270 950 per
1286 909 1476 940 sententiam
1494 908 1523 937 in
1541 907 1600 937 hiis
1617 907 1750 947 scriptis.
1825 908 1911 938 Nulli
1930 920 2006 950 ergo

354 967 483 997 omnino
508 966 672 996 hominum
701 963 796 993 liceat
820 963 902 993 hanc
927 963 1076 1002 paginam
1100 965 1204 992 nostre
1222 960 1464 995 constitutionis,
1482 958 1733 999 approbationis,
1751 959 2008 1000 confirmationis,

354 1018 589 1053 annullationis,
614 1015 812 1051 cassationis,
837 1014 1036 1049 irritationis,
1062 1013 1273 1051 vacuationis,
1298 1011 1515 1042 ratificationis
1540 1012 1572 1040 et
1595 1010 1738 1040 mandati
1761 1011 1934 1051 infringere
1958 1013 2008 1043 vel

356 1070 384 1099 ei
409 1079 487 1099 ausu
512 1068 682 1098 temerario
707 1066 875 1096 contraire.
913 1065 945 1094 Si
971 1065 1039 1105 quis
1064 1068 1171 1094 autem
1196 1064 1256 1094 hoc
1280 1066 1473 1103 attemptare
1494 1062 1732 1103 presumpserit,
1757 1062 2008 1103 indignationem

356 1121 582 1160 omnipotfflitis
607 1119 667 1149 Dei
697 1122 729 1148 et
759 1117 925 1147 beatorum
950 1117 1038 1147 Petri
1064 1119 1096 1146 et
1120 1116 1212 1146 Pauli
1243 1116 1460 1155 apostolorum
1495 1114 1562 1144 eius
1591 1124 1625 1144 se
1654 1114 1778 1143 noverit
1802 1114 2008 1145 incursurum.

466 1171 539 1201 Dat.
564 1171 666 1200 Ilonie
692 1170 777 1210 apud
803 1168 952 1199 Sanctam
978 1168 1112 1198 Mariam
1140 1167 1179 1197 de
1204 1167 1342 1205 Araceli,
1367 1170 1451 1197 sesto
1476 1165 1547 1196 Kal.
1566 1165 1659 1197 Iunii.
1684 1165 1886 1205 pontificatus
1910 1167 2007 1196 nostri

356 1233 437 1252 auno
463 1223 574 1262 primo.

471 1329 557 1363 4⁴50.
601 1329 754 1363 Litterae
783 1340 887 1372 supet·
917 1328 1083 1362 sossensi«
1113 1327 1154 1359 al»
1183 1327 1388 1370 importuna-e
1415 1328 1531 1359 contr«
1561 1325 1746 1359 Iohannem
1768 1323 1894 1358 XXII.

992 1383 1092 1416 «alifa.
1200 1382 1288 1415 Ῐ1[α’ἱ.
1309 1383 1370 1416 337.

473 1447 570 1485 Copia
588 1447 639 1484 (6.)
668 1445 776 1475 dudem,
795 1445 853 1485 sol.
870 1447 911 1474 ‹s'7
934 1455 983 1474 vr.
996 1445 1069 1474 238.
1113 1443 1308 1474 C'oufnlimas
1324 1453 1389 1475 2208.
1416 1461 1454 1464 ——
1479 1441 1602 1471 Partim
1621 1441 1665 1471 ed.
1683 1440 1835 1479 Raymald
1850 1439 1868 1469 l.
1884 1450 1906 1470 Γ.
1923 1442 1944 1480 3
1957 1440 2008 1470 45.

469 1502 542 1540 Rr'jl.
561 1501 662 1531 Ja'zdwl
687 1501 704 1531 l.
723 1512 745 1529 (¹.
769 1512 799 1538 lt.
820 1501 879 1529 137»
905 1511 951 1530 Μ’.
969 1500 1020 1531 20,

471 1558 518 1594 Cf.
546 1558 632 1594 ins'ra,
658 1567 705 1587 ην.
723 1558 794 1586 4116.

468 1625 618 1655 Nicolaus
648 1626 817 1664 episeopus
848 1635 957 1654 5611115
989 1634 1150 1654 servorum
1185 1623 1245 1652 Dei
1353 1622 1506 1652 universis
1537 1623 1703 1660 presentes
1735 1619 1856 1649 litteras
1887 1619 2012 1659 inspee-

361 1678 437 1708 turis
526 1676 660 1706 salutem
686 1679 717 1706 et
741 1675 950 1715 apostolicam
977 1675 1244 1713 benedictionem.

469 1728 518 1758 Ad
555 1732 742 1768 perpetuam
772 1728 816 1757 rei
846 1727 1032 1756 memoriam
1059 1725 1148 1756 vobis
1173 1730 1204 1755 et
1230 1729 1367 1755 vestrum
1393 1724 1524 1764 singulis
1549 1723 1750 1764 presentibus
1775 1722 1921 1752 duximus
1945 1721 2012 1751 fore

361 1780 574 1813 manifestum,
601 1779 684 1819 quod
710 1789 780 1808 eum
807 1789 863 1818 per
887 1778 1094 1807 sententiam¹
1121 1777 1173 1807 dil.
1199 1777 1240 1806 til.
1265 1776 1362 1806 nostri
1387 1775 1541 1805 Ludovici
1566 1774 1784 1804 Romanorum
1809 1773 1958 1813 principis
1983 1777 2015 1802 et

314 1828 319 1835 ’
361 1831 552 1862 serenissimi
586 1830 787 1870 imperatoris
816 1839 944 1869 semper
974 1829 1099 1869 augusti
1130 1839 1239 1858 omnes
1269 1831 1301 1858 et
1330 1827 1443 1866 singuli
1468 1825 1585 1856 Iacobo
1612 1825 1651 1855 de
1677 1824 1813 1855 Catureo
1838 1834 1871 1853 se
1897 1833 2013 1865 papam

362 1883 515 1913 asserenti
555 1881 757 1914 obedientes,
794 1880 986 1910 adherentes
1024 1885 1054 1910 et
1090 1880 1234 1909 foventes
1269 1883 1418 1918 tanquam
1455 1877 1590 1908 heretici
1626 1878 1686 1906 sint
1719 1876 1881 1916 dampnati
1917 1879 2012 1915 atque

363 1933 507 1963 omnibus
538 1937 569 1963 et
596 1933 727 1972 siugulis
756 1932 919 1962 benefieiis
951 1935 982 1961 et
1010 1931 1112 1961 feudis
1140 1935 1172 1960 et
1200 1931 1290 1960 bonis
1315 1929 1460 1959 omnibus
1484 1930 1544 1958 sint
1574 1928 1702 1968 privati,
1733 1938 1789 1957 1105
1814 1926 1918 1957 eidem
1943 1937 2013 1956 sen-

364 1985 461 2015 tentie
494 1986 573 2014 iuste
605 1987 637 2013 et
672 1983 857 2013 racionabili
892 1983 1048 2012 adherere
1082 1982 1226 2012 volentes
1265 1985 1295 2011 et
1323 1982 1423 2021 ipsam
1454 1979 1636 2010 01111111110116
1666 1979 1867 2017 confirmare,
1905 1988 2015 2008 omnes

363 2036 495 2066 61611605
526 2039 556 2065 61
588 2035 795 2065 116116116111105
824 2045 860 2064 ae
893 2034 1074 2074 religiosos,
1110 2034 1336 2073 euiuscunique
1366 2032 1484 2062 ordinis
1513 2031 1664 2067 existant,
1700 2029 1784 2060 dicto
1810 2028 1927 2058 Iacobo
1958 2029 2015 2058 ad-

364 2087 526 2121 herentes,
559 2087 702 2116 faventes
735 2089 766 2115 et
800 2085 905 2115 eidem
940 2085 1128 2115 obedientes
1159 2085 1290 2124 eiusque
1315 2083 1467 2114 mandata
1493 2086 1555 2113 tam
1581 2081 1738 2112 interdicti
1764 2091 1857 2121 quani
1882 2080 2016 2110 aliorum

365 2139 571 2168 observantes
596 2137 742 2167 omnibus
767 2140 798 2166 et
823 2136 955 2177 singulis
980 2136 1143 2166 benefieiis
1168 2136 1393 2166 ecclesiasticis
1418 2138 1449 2164 et
1472 2133 1575 2164 feudis
1593 2136 1625 2163 et
1641 2132 1731 2163 bonis
1749 2131 1895 2162 omnibus
1912 2131 2014 2171 priva-

365 2190 466 2219 vimus
490 2190 678 2219 auctoritate
704 2189 879 2228 apostoliea
905 2191 936 2217 et
960 2188 1136 2228 privamus,
1165 2187 1374 2217 decernentes
1403 2187 1488 2226 ipsos
1513 2190 1544 2216 et
1568 2186 1707 2226 ipsorum
1733 2183 1873 2223 singulos
1902 2182 1959 2212 sibi
1982 2186 2016 2212 ut

365 2241 557 2281 premittitur
574 2240 767 2270 adherentes
785 2241 851 2269 fore
870 2239 1055 2269 esu-umdem
1074 2238 1311 2271 beneficiorum,
1337 2237 1504 2268 tendam-uin
1530 2240 1561 2266 et
1578 2236 1766 2276 dignitatum
1790 2234 1941 2275 privatos,
1967 2237 2017 2263 eta

366 2297 516 2332 tunquam
542 2295 692 2321 1061111165
717 2301 771 2321 seu
796 2291 942 2320 vacantia
967 2290 1050 2330 apud
1076 2289 1283 2330 apostsdieani
1309 2289 1419 2319 sedem
1445 2288 1607 2318 collationi
1633 2291 1664 2317 et
1688 2285 1886 2327 dispositioni
1910 2288 2015 2315 nostre

367 2347 397 2373 et
422 2343 505 2372 dicte
531 2343 614 2372 sedis
639 2342 821 2382 specialiter
843 2343 1085 2374 reservavimus,
1113 2342 1322 2371 decernentes
1346 2341 1469 2370 irritum
1494 2343 1525 2369 et
1549 2340 1652 2375 inane,
1677 2338 1702 2367 si
1726 2347 1816 2367 secus
1840 2347 1935 2376 super
1958 2335 2018 2365 hiis

366 2405 384 2424 a
409 2405 567 2434 quoquam
594 2394 705 2433 quavis
730 2393 920 2423 auctoritate
945 2393 1081 2423 scienter
1108 2393 1157 2422 vel
1183 2393 1366 2432 ignoranter
1389 2394 1615 2431 attemptatum
1640 2390 1723 2419 foret
1746 2388 1899 2418 hactenus
1916 2387 1966 2417 vel
1987 2387 2017 2416 in

367 2450 530 2486 posterum
556 2445 746 2484 contingerit
770 2448 867 2474 11116111
878 2445 969 2484 ptari.
1059 2443 1099 2473 Er
1117 2444 1188 2484 (111111
1208 2443 1318 2483 Gli-xus
1336 2443 1374 2472 de
1393 2442 1598 2472 Gambarano
1616 2451 1649 2471 se
1666 2440 1863 2481 prepositum
1881 2439 2018 2469 offerens

367 2497 551 2527 monasterii
576 2498 691 2526 Sancte
717 2496 826 2526 (slrucis
852 2495 893 2524 de
919 2495 1060 2525 Mortara
1084 2495 1217 2535 Papien.
1243 2495 1333 2534 dyoe.
1359 2494 1482 2524 notorie
1511 2493 1636 2523 adhesit
1666 2495 1697 2521 et
1721 2491 1876 2521 adhereat
1900 2489 2017 2520 Iacobo

2027 661 2050 679 10

2028 918 2050 936 ¹5

2028 1177 2052 1196 20

2030 1514 2054 1532 25

2034 1784 2058 1802 30

2035 2040 2058 2057 35

2036 2296 2060 2314 ⁴0

368 2552 544 2578 memorato
571 2548 692 2587 ipsique
718 2558 773 2587 pro
800 2557 890 2586 posse
916 2547 1003 2577 favit.
1029 2547 1130 2586 ipsum
1149 2545 1274 2585 Ghyum
1301 2555 1358 2585 per
1379 2545 1495 2574 1116111111
1521 2546 1660 2573 nostram
1682 2542 1876 2572 sentenciam
1895 2551 1912 2571 a
1931 2541 2013 2571 dicte
2036 2553 2058 2569 ⁴5.

471 2615 535 2641 455».
564 2616 586 2643 ¹¹)
607 2617 725 2647 dist-ripte
745 2624 763 2639 e

473 2662 539 2688 460.
567 2664 589 2691 ³)
609 2664 642 2686 sle·
662 2672 680 2686 tn

476 2720 499 2747 1)
521 2718 610 2750 Supra
631 2726 671 2743 111.
688 2722 742 2742 4:275.
