2205 3025
118 724 142 742 10

118 980 141 998 15

116 1245 142 1264 20

118 1504 141 1523 25

116 1762 143 1780 30

118 2018 142 2037 ³5

120 2275 144 2293 4«)

610 166 703 192 ACTA
724 165 835 192 REGNI
857 166 1039 193 LUDEWICI
1060 167 1104 193 IV.
1143 167 1217 194 1:330.
1254 167 1302 193 ΝΥ.
1316 168 1374 194 798.
1751 172 1813 202 677

161 253 242 283 tales
273 253 423 293 dictaque
450 252 604 283 beneficia
635 256 666 283 et
690 252 795 283 officia
819 253 923 283 adhue
951 253 982 284 in
1006 264 1133 284 suarum
1162 254 1337 284 animarum
1368 254 1478 284 salutis
1507 254 1709 295 dispendium
1738 256 1812 286 reti-

162 303 276 334 nendo.
324 304 444 334 Rursus
468 303 681 341 interdictum,
706 305 755 334 cui
780 304 895 335 eadem
920 305 1029 335 civitas
1047 304 1243 343 subiacebat,
1268 305 1348 336 sieut
1371 305 1474 335 adhuc
1492 306 1658 337 subiacere
1682 310 1814 347 propter

162 365 312 386 excessus
338 355 498 396 predictos
523 355 707 393 dinoscitur,
733 356 883 396 quodque
907 356 1100 387 venerabilis
1124 357 1223 387 frater
1246 360 1354 387 noster
1378 381 1383 387 .
1403 381 1409 387 .
1435 357 1603 398 episcopus
1620 357 1813 388 Tudertinus

162 406 390 437 inviolabiliter
423 405 587 437 observari
617 406 840 446 mandaverat,
883 408 1003 438 violare
1032 409 1180 448 nequiter
1212 411 1244 438 et
1275 408 1387 438 violari
1416 408 1522 439 facere
1559 410 1728 449 presertim
1757 420 1814 450 per

161 457 276 488 fratres
292 457 432 488 Minores
449 458 635 489 criminosos
651 462 683 488 et
700 459 906 495 scismaticos,
931 470 1010 500 quos
1034 460 1064 489 in
1082 460 1197 490 eadem
1214 460 1342 490 civitate
1360 463 1566 500 receptarunt
1589 461 1699 501 eisque
1724 461 1812 492 fave-

161 512 233 540 runt
256 508 484 549 multipliciter,
508 509 743 549 predicationes
767 514 799 540 et
815 520 980 541 sermones
1004 520 1114 541 eorum
1139 521 1291 541 erroneos
1315 521 1351 541 ae
1376 511 1488 542 missas
1513 514 1544 541 et
1568 510 1673 542 divina
1697 512 1814 552 officia,

161 572 222 602 que
254 560 338 590 dicto
369 560 537 591 interdicto
568 560 716 599 durante,
747 561 828 591 sicut
858 572 938 592 nune
967 562 1072 601 durat,
1104 563 1312 602 profanarunt
1343 561 1462 593 ibidem
1493 563 1570 603 ipsis
1600 563 1812 603 presentibus,

160 611 339 643 faventibus
356 614 388 642 et
404 611 679 642 consencientibus
696 611 952 652 dampnabiliter,
971 616 1121 654 tanquam
1139 614 1223 644 male
1241 614 1418 644 sencientes
1436 613 1475 644 de
1493 614 1634 644 clavibus
1647 624 1813 656 presump-

160 667 277 694 serunt.
382 662 423 693 Et
457 666 491 693 ut
525 673 581 693 sua
616 663 739 694 insania
774 665 876 705 magis
911 664 1058 695 omnibus
1094 668 1178 696 esset
1212 669 1300 705 nota,
1336 676 1392 705 pro
1428 668 1520 706 parte
1554 665 1630 696 dicti
1658 667 1838 697 Ludovici'

161 725 255 756 quem
280 715 508 755 imperatorem
525 714 732 745 nominabant
756 717 927 746 temerarie
950 716 979 745 in
998 716 1126 747 civitate
1145 716 1271 757 publice
1289 717 1483 757 preconisari
1500 717 1643 748 fecerunt
1659 717 1812 757 predicta,

161 766 247 807 quod
271 766 405 807 quilibet
428 766 569 796 notarius
592 766 623 796 in
647 767 711 796 suis
735 766 952 797 instrumentis
970 771 1103 807 poneret
1127 768 1345 808 pontificatum
1371 768 1446 798 dicti
1470 768 1559 799 Petri
1583 768 1624 799 de
1649 768 1811 806 Cervaria,

160 828 255 859 quem
280 817 448 848 Nicolaum
473 828 591 858 papam
616 817 759 858 quintum
785 818 815 847 in
841 817 1046 858 opprobrium
1071 819 1172 849 tocius
1197 823 1284 850 cetus
1301 819 1443 849 fidelium
1468 820 1683 850 nominabant.
1731 819 1812 850 Sub-

160 872 331 910 sequenter
355 873 461 900 autem
480 868 650 899 Baldinum
669 868 754 899 Gelli
779 869 818 899 dc
844 869 1045 899 Mai-seiano
1069 874 1100 900 ct
1125 869 1301 901 Iohannem
1326 871 1450 901 Sciarra
1475 870 1514 901 de
1540 871 1718 912 Columpna
1742 882 1813 902 suc-

160 922 282 952 cessive
307 920 505 952 admiserunt
528 920 559 950 in
576 920 712 950 vicarios
735 931 791 960 pro
817 920 932 951 eodem
950 920 1114 951 Ludovico
1139 922 1169 951 in
1187 922 1316 952 civitate
1341 922 1494 962 predicta.
1540 922 1608 953 Nee
1632 922 1813 953 huiusmodi

160 971 359 1003 detestandis
384 972 526 1002 contenti
550 971 726 1002 sceleribus
750 982 812 1001 una
837 982 907 1002 cum
933 972 1047 1002 eodeni
1073 971 1215 1003 Iohanne
1240 972 1366 1003 Seiarra
1391 976 1527 1004 castrum
1549 973 1656 1004 Sancti
1674 973 1811 1013 Gemini,

160 1023 247 1064 quod
271 1026 319 1054 est
342 1023 504 1064 peculiare
530 1023 672 1063 predicte
698 1022 843 1054 Romane
869 1023 1020 1055 ecclesie,
1046 1023 1202 1054 violenter
1227 1027 1259 1054 et
1283 1024 1457 1064 proditorie
1482 1028 1675 1065 occuparunt
1699 1028 1732 1055 et
1755 1025 1812 1056 ad-

159 1075 220 1105 huc
245 1075 274 1105 in
300 1078 440 1105 nostram
465 1078 497 1105 ct
521 1074 665 1105 eiusdem
691 1075 826 1105 ecclesie
845 1075 1000 1105 offensam
1024 1078 1056 1105 et
1074 1075 1219 1105 iniuriam
1244 1079 1433 1116 occupatum
1458 1076 1535 1106 illud
1561 1076 1712 1115 detinent,
1738 1077 1812 1108 licet

159 1136 217 1167 per
241 1126 360 1157 dictum
385 1126 527 1167 legatum
552 1126 658 1167 sepius
683 1127 835 1167 requisiti,
861 1127 1030 1157 restituere
1056 1131 1248 1157 recusantes.

270 1189 297 1217 4.
334 1186 413 1217 Cum
446 1190 554 1218 autem
586 1190 632 1216 tot
664 1190 696 1216 et
724 1189 812 1216 tanta
841 1186 1031 1217 detestanda
1062 1187 1204 1217 facinora
1232 1187 1262 1216 in
1294 1187 1398 1218 divine
1430 1189 1616 1227 magestatis
1648 1188 1811 1225 offensam,

161 1238 305 1270 eiusdem
329 1239 465 1269 ecclesie
490 1237 635 1268 Romane
661 1238 899 1275 contumeliam,
925 1238 1135 1278 preiudicium
1160 1242 1192 1269 ct
1216 1241 1433 1278 contemptum
1459 1249 1495 1269 ac
1519 1239 1591 1269 fidei
1617 1242 1648 1269 ct
1672 1239 1812 1270 fidelium

159 1290 362 1331 dispendium
387 1293 572 1330 perpetrata
597 1289 786 1330 diuciusque
811 1291 995 1320 continuata
1027 1294 1058 1320 ct
1083 1293 1190 1324 aucta,
1222 1301 1283 1330 que
1314 1289 1395 1320 adeo
1421 1290 1624 1321 dinoscuntur
1655 1301 1724 1321 esse
1756 1301 1813 1330 per

160 1342 355 1373 evidentiam
380 1342 456 1372 facti
481 1341 620 1376 notoria,
645 1341 729 1381 quod
755 1341 840 1371 nulla
865 1344 996 1381 possunt
1021 1342 1286 1382 tergiversatione
1312 1342 1423 1375 celari,
1452 1341 1652 1372 dissimulare
1681 1342 1814 1371 ulterius

159 1393 248 1424 salva
272 1393 467 1424 conscientia
491 1402 699 1433 nequeamus,
724 1392 877 1423 adversus
902 1392 1033 1423 eosdem
1059 1417 1089 1423 ..
1115 1403 1295 1425 commune.
1326 1393 1565 1423 universitatem
1597 1403 1633 1423 ac
1662 1393 1814 1433 populum

160 1455 282 1475 necnon
313 1444 492 1485 singulares
522 1453 675 1484 personas
706 1443 940 1474 ecclesiasticas
968 1448 999 1475 et
1024 1444 1185 1474 seculares
1214 1444 1365 1483 civitatis,
1396 1444 1565 1474 comitatus
1596 1447 1628 1474 et
1656 1444 1814 1474 districtus

161 1495 395 1536 predictorum.
426 1496 479 1536 qui
504 1495 692 1526 corumdem
718 1506 921 1535 excessuum,
947 1495 1136 1526 delictorum
1166 1500 1198 1527 et
1225 1496 1383 1526 scelerum
1408 1499 1586 1536 patratores
1611 1495 1737 1525 fuerunt
1761 1499 1815 1526 aut

160 1549 191 1578 in
222 1548 267 1578 eis
297 1547 520 1588 perpetrandis
548 1548 755 1588 prestiterunt
784 1547 953 1586 auxilium,
984 1548 1149 1578 consilium
1178 1548 1228 1578 vel
1262 1548 1418 1580 favorem,
1451 1558 1593 1588 quosque
1625 1546 1746 1577 diucius
1775 1546 1813 1576 de

161 1599 358 1640 benignitate
387 1599 471 1629 sedis
499 1599 689 1639 apostolice.
720 1599 744 1628 si
769 1598 809 1629 ad
839 1609 893 1629 cor
922 1599 1075 1634 redirent,
1107 1599 1363 1639 expectavimus.
1395 1599 1425 1628 in
1453 1599 1580 1629 nomine
1606 1598 1734 1628 Domini
1759 1609 1813 1628 ex·

167 1654 333 1691 surgentes
358 1660 469 1681 omnes
494 1650 574 1680 tales
598 1660 751 1691 personas
776 1649 926 1681 videlicet
950 1651 1127 1691 singulares
1152 1651 1366 1691 cuiuscunque
1391 1650 1522 1684 ordinis,
1549 1649 1737 1680 conditionis
1761 1652 1815 1679 aut

161 1706 262 1733 status
287 1703 439 1737 existant,
473 1701 512 1732 de
541 1701 693 1742 predictis
721 1701 899 1742 culpabiles
930 1702 1285 1734 cxcommunicationis,
1317 1701 1448 1732 eosdem
1481 1712 1556 1731 vero
1581 1725 1610 1731 ..
1636 1711 1813 1731 commune.

161 1754 401 1784 universitatem
435 1757 467 1783 et
491 1753 643 1794 populum
669 1764 791 1784 necnon
817 1754 978 1784 civitatem
1004 1753 1139 1784 eandem
1162 1753 1397 1793 Tudertinmm)
1424 1764 1493 1783 cum
1522 1763 1578 1783 suo
1603 1752 1754 1783 comitatu
1783 1755 1814 1782 et

162 1805 306 1836 districtu
332 1804 492 1835 interdicti
517 1805 683 1835 sententiis
708 1804 873 1835 subiacere
901 1815 937 1836 ac
966 1805 1163 1836 subiacuisse
1189 1806 1338 1836 continue
1363 1808 1434 1845 post
1460 1804 1729 1845 pcipetrationem
1755 1803 1813 1833 cri-

161 1857 281 1888 minum
311 1860 342 1888 ct
367 1867 556 1887 excessuum
582 1856 798 1897 predictorum
827 1867 864 1887 ac
895 1867 1005 1887 omncs
1038 1867 1137 1897 penas
1168 1861 1199 1887 et
1229 1857 1404 1887 sententias
1436 1856 1529 1893 alias,
1561 1865 1622 1895 quc
1653 1865 1710 1895 per
1740 1865 1813 1894 pro-

161 1919 269 1939 cessus
293 1911 418 1939 nostros
442 1909 505 1938 iam
523 1908 643 1938 dudum
661 1907 793 1938 diversis
811 1908 1008 1948 temporibus
1028 1909 1201 1939 solenniter
1225 1908 1350 1938 habitos
1374 1911 1483 1938 contra
1508 1906 1588 1936 tales
1612 1905 1813 1946 promulgate

162 1963 194 1990 et
218 1960 335 1990 inflicte
361 1960 503 1997 fuerunt,
532 1959 700 1990 incurrisse
730 1959 952 1990 nichilominus
980 1959 1191 1991 declaramus.
1246 1959 1286 1990 Et
1314 1970 1385 1990 cum
1410 1960 1450 1989 sit
1474 1959 1630 1989 notorium
1657 1961 1688 1988 et
1712 1957 1812 1987 mani-

163 2010 292 2050 festum,
323 2011 408 2052 quod
441 2011 543 2042 dictos
574 2010 734 2041 hereticos
765 2014 798 2041 et
825 2011 1022 2042 scismaticos
1050 2014 1269 2052 receptarunt,
1303 2010 1499 2041 honorarunt
1528 2010 1637 2050 eisquc
1667 2009 1813 2039 faverunt

160 2063 241 2092 sicut
265 2063 410 2103 superius
435 2063 623 2103 exprimitur
647 2072 683 2092 ac
708 2062 873 2092 consilium
899 2065 931 2094 et
954 2063 1107 2093 auxilium
1133 2063 1354 2103 prestiterunt,
1385 2073 1441 2092 nos
1470 2062 1554 2102 ipsos
1579 2070 1647 2091 esse
1673 2059 1814 2090 fautores

161 2113 375 2144 hereticorum
405 2117 437 2144 et
465 2114 718 2144 scismaticorum
744 2124 918 2154 omnesque
950 2125 1050 2154 penas
1081 2118 1113 2145 et
1140 2115 1314 2144 sententias
1342 2112 1523 2154 spirituales
1553 2115 1584 2142 ct
1609 2110 1812 2151 tempta-ales,

161 2175 239 2206 quas
263 2165 331 2195 iura
357 2168 389 2195 et
413 2175 602 2206 quecunque
628 2166 874 2195 constituciones
899 2166 1162 2206 receptatoribus,
1189 2165 1364 2196 fautoribus
1389 2168 1420 2195 et
1445 2162 1666 2194 defensoribus
1694 2161 1812 2192 hereti-

161 2226 269 2246 corum
295 2219 327 2247 et
351 2217 601 2247 scismaticorum
626 2217 782 2256 infligunt,
807 2217 974 2247 incurrisse
1000 2218 1246 2257 pronunciamus
1271 2220 1302 2247 et
1327 2217 1423 2247 ctiam
1449 2215 1657 2245 declaramus

270 2275 342 2306 Dat.
368 2276 564 2316 Avinionte),
589 2277 660 2307 Kal.
688 2277 768 2314 Iulii,
795 2287 876 2307 anno
901 2277 1152 2318 quartodecimo.

267 2634 328 2660 72⁸8.
358 2639 380 2665 0)
402 2634 536 2660 Mazsiario
559 2638 579 2659 1.
