2205 3025
333 127 392 155 3331
603 119 697 145 ACTA
718 118 829 143 REGNI
848 116 1031 143 LUDEWICI
1052 115 1099 141 IV.
1119 115 1163 140 ET
1184 113 1368 140 FRIDERICI
1387 113 1436 138 Ill.
1475 113 1548 139 1328.
1586 112 1632 138 Nr.
1646 112 1704 139 4⁴27.

332 207 552 239 imminutionis
577 206 605 235 in
631 215 783 245 personas
807 203 983 243 singulares
1009 205 1040 232 ct
1063 201 1222 232 interdicti
1248 201 1278 230 in
1296 200 1452 234 civitates
1477 202 1588 237 terras,
1613 199 1684 229 loca
1701 209 1875 239 eorumque
1892 210 1978 230 com-

332 261 502 290 munitates
526 260 557 287 et
580 256 813 289 universitates,
839 264 916 294 quas
940 255 999 284 nisi
1024 253 1183 284 mandatis
1208 256 1239 282 et
1263 251 1490 282 monitionibus
1514 251 1629 281 nostris
1653 251 1829 290 paruerint,
1854 261 1909 281 eos
1932 252 1979 281 in-

332 320 457 341 currere
475 309 618 338 volumus
635 308 703 347 ipso
722 306 817 340 factm
834 315 958 335 necnon
975 305 1160 345 privationis
1178 304 1417 344 privilegiorum
1439 312 1713 342 quorumcumque
1731 302 1980 342 apostolicorum

333 370 363 391 et
388 360 599 401 imperialium
629 368 665 388 ac
696 357 864 388 feudorum
897 360 929 386 et
959 356 1129 387 bonorum.
1162 365 1224 396 que
1255 355 1296 385 ab
1328 353 1443 385 cadem
1466 353 1614 384 Romana
1644 353 1695 383 vel
1721 353 1882 393 quibusvis
1912 354 1981 383 aliis

332 412 473 442 eeclesiis
500 410 547 440 vel
572 410 706 449 imperio
733 409 889 441 obtinent,
915 408 1004 448 penis
1029 410 1060 438 et
1085 407 1249 437 sententiis
1274 405 1463 436 mandamus
1487 408 1519 435 et
1542 404 1722 434 inhibemus
1747 415 1915 445 expresse.
1940 415 1980 435 ne

333 463 475 503 predicto
500 461 662 491 liudovico
693 464 843 499 tanquam
873 459 944 489 duci
969 459 1019 489 vel
1050 459 1174 496 comiti,
1208 459 1277 499 regi
1309 468 1366 488 seu
1394 457 1580 497 imperatori
1610 466 1667 487 nec
1693 456 1797 486 eidem
1823 456 1983 487 Castrutio

333 518 493 553 tamquam
517 513 597 542 duci.
624 511 731 542 comiti
749 511 798 541 vel
823 511 963 541 senatori
988 514 1131 551 pareant,
1158 510 1310 540 obediant
1334 509 1384 540 vel
1408 508 1576 539 intendant
1592 518 1651 538 nec
1670 508 1775 538 eidem
1792 507 1982 547 L(udovico)

332 570 483 605 tauquam
510 563 597 599 duciq
629 563 746 595 1-0111111,
777 562 844 602 regi
868 572 923 592 seu
948 562 1135 602 imperatori
1170 560 1430 601 recognoscendo
1455 560 1505 590 vel
1530 559 1713 600 recipiendo
1742 562 1858 598 terras,
1891 562 1983 600 pote-

332 617 458 647 starias.
491 615 642 645 rec-mrias
672 624 729 644 seu
753 613 815 643 alia
847 613 965 651 officia,
998 623 1201 654 quocumque
1232 613 1360 642 nomine
1389 615 1592 647 censeantur,
1621 611 1650 641 in
1683 611 1810 641 civitate
1838 612 1889 642 vel
1913 612 1983 642 loco

333 669 439 708 aliquo
465 667 643 697 adhereant
667 676 794 706 quoquo
820 664 915 695 modo
940 675 999 695 nec
1023 665 1164 705 aliquam
1189 665 1383 700 sotietatem,
1408 663 1506 704 ligam
1531 663 1580 693 vel
1598 662 1893 694 confederationem
1911 674 1982 694 cum

335 721 402 760 ipso
434 722 545 749 contra
576 717 742 748 ecclesiam
769 717 957 747 contrahant
983 716 1034 746 vel
1063 719 1260 746 contractam
1286 715 1457 745 observent
1480 725 1538 745 nec
1563 715 1761 745 consentiant
1785 715 1883 744 etiam
1909 726 1982 745 con-

333 770 486 801 trahendc
513 780 570 799 nec
596 769 701 799 eidem
726 767 865 802 faveant.
891 768 1039 798 assistant
1069 778 1125 798 seu
1149 770 1293 808 prestent
1318 777 1388 796 cum
1413 766 1509 796 armis
1533 765 1583 796 vel
1608 766 1674 795 sine
1699 766 1795 795 armis
1818 766 1983 805 auxilium,

333 821 497 852 consilium
528 821 577 851 vel
603 821 745 850 favorem
771 819 895 860 publice
923 819 973 849 vel
1003 818 1136 849 occulte.
1183 819 1211 848 A
1245 818 1358 858 quibus
1389 817 1518 858 quidem
1551 817 1640 857 penis
1671 819 1702 847 et
1732 818 1897 847 sententiis
1928 828 1985 858 per

333 873 428 903 alium
454 883 548 913 quam
575 882 632 912 per
655 871 834 901 Romanum
862 871 1045 911 pontificem
1075 870 1319 910 nullumposse
1350 869 1496 899 volumus
1527 869 1585 898 nisi
1617 868 1786 898 dumtaxat
1812 869 1843 898 in
1874 870 1985 899 mortis

333 924 465 955 articulo
490 923 628 954 liberari.
677 922 806 953 Eisdem
831 926 863 952 et
888 933 997 952 eorum
1025 922 1157 962 singulis
1181 922 1323 962 apertius
1348 920 1571 951 nichilominus
1595 919 1808 959 predicentes,
1834 920 1919 960 quod
1943 920 1985 951 ad

334 976 549 1013 inflictionem,
575 974 834 1015 iulblicationein,
860 974 1084 1004 executionem
1103 976 1134 1003 ct
1151 974 1416 1013 aggravationem
1433 972 1589 1002 dictarum
1614 981 1767 1011 penarum
1793 972 1985 1002 coniunctim

334 1028 383 1057 vel
412 1027 551 1066 divisim,
580 1029 674 1066 prout
699 1025 952 1066 delinquentium
978 1036 1166 1055 excessuum
1193 1025 1366 1055 enormitas
1391 1024 1537 1064 exegerit
1561 1026 1592 1053 et
1616 1022 1770 1063 expedire
1794 1022 1986 1062 videbimus,

334 1079 454 1119 absque
480 1079 630 1108 citatione
656 1077 705 1107 vel
730 1077 903 1107 monitione
927 1077 1006 1115 alia,
1031 1077 1056 1106 si
1081 1080 1113 1107 et
1137 1076 1265 1117 quaudo
1291 1080 1322 1106 ct
1348 1076 1493 1116 quotiens
1518 1078 1709 1115 oportunum
1734 1075 1986 1115 cognoverimus,

334 1130 555 1171 procedemus.
603 1129 674 1158 Nou
708 1127 907 1158 obstantibus
938 1128 1192 1168 quilmscunnlue
1228 1127 1417 1167 privilegiis,
1452 1125 1729 1156 constitutionibus
1764 1136 1819 1156 seu
1848 1125 1987 1165 indultis,

336 1193 396 1222 que
422 1184 532 1211 contra
561 1190 744 1220 processum
773 1182 916 1210 nostrum
946 1179 1127 1209 huiusmodi
1157 1179 1233 1209 nulli
1262 1178 1431 1218 suffragari
1460 1177 1618 1217 volumus⁷
1648 1180 1697 1207 set
1726 1187 1764 1207 ea
1793 1177 1899 1217 quoad
1927 1177 1987 1208 hec

337 1233 441 1273 potius
466 1232 584 1262 viribus
609 1242 792 1261 vacuamus.

448 1287 493 1314 ll.
529 1283 759 1323 Colligationes
783 1286 900 1318 autem.
926 1283 1101 1322 pactiones„
1126 1282 1292 1312 sotietates
1317 1284 1348 1311 et
1371 1281 1452 1321 ligas
1476 1284 1586 1311 contra
1609 1281 1763 1320 premissa
1780 1280 1831 1311 vel
1854 1281 1987 1321 premis-

337 1347 443 1366 sorum
474 1335 579 1375 aliqua
609 1335 709 1364 factas
733 1334 783 1364 vcl
807 1335 900 1364 initas
924 1335 1006 1363 iuter
1024 1344 1241 1374 quoscumque
1265 1332 1324 1362 sub
1349 1342 1549 1373 quacumque
1575 1332 1678 1362 forma
1706 1332 1756 1362 vel
1781 1333 1987 1372 expressione

338 1387 521 1425 γει-11011101,
554 1386 678 1416 etiamsi
708 1396 861 1425 penarum
891 1385 1085 1419 adiectione,
1117 1385 1367 1415 juramentorum
1397 1384 1592 1424 prestatione
1617 1384 1667 1413 vel
1699 1394 1900 1424 quacumque
1925 1385 1989 1414 alia

338 1438 455 1469 fuerint
479 1438 628 1468 firmitate
653 1437 784 1473 vallate.
810 1440 921 1477 utpote
946 1437 976 1466 in
1002 1437 1106 1466 divine
1130 1437 1307 1466 maiestatis
1332 1436 1487 1465 offensam
1512 1438 1543 1465 et
1567 1438 1677 1465 contra
1701 1435 1853 1465 honorem
1879 1439 1987 1466 sancte

338 1491 448 1520 matris
473 1489 608 1519 ecclesie
634 1500 670 1519 ac
696 1490 725 1519 iu
751 1489 923 1529 dampnum
949 1491 981 1518 et
1004 1487 1216 1528 preiudicium
1244 1487 1419 1527 reipublice
1449 1488 1690 1527 animarumque
1715 1487 1891 1527 periculum
1916 1497 1988 1527 pre-

340 1546 482 1581 sumptas
507 1551 623 1575 cassas,
648 1540 760 1577 nullas,
785 1541 888 1569 irritas
912 1550 949 1569 ac
973 1540 1083 1569 inanes
1107 1540 1287 1579 nulliusque
1312 1539 1469 1569 firmitatis
1497 1538 1636 1569 existere
1665 1538 1876 1572 declaramus.
1905 1539 1990 1578 ipsas

341 1596 497 1633 quatenus
522 1594 746 1632 pluicesserunt
770 1592 809 1621 de
835 1591 918 1621 facto
944 1595 975 1621 et
999 1592 1178 1621 iuramenta
1203 1601 1299 1631 super
1316 1591 1375 1620 hoc
1393 1591 1525 1630 prestita
1550 1589 1772 1620 nichilominus
1796 1590 1988 1627 relaxantes.

340 1644 550 1674 dissolventes
575 1648 606 1672 et
630 1643 756 1683 penitus
780 1642 898 1672 viribus
923 1646 1102 1672 vacuantes.
1151 1642 1301 1672 Ceterum
1328 1646 1508 1682 presentem
1534 1652 1717 1681 processum
1743 1641 1783 1671 ad
1809 1641 1989 1671 Romanum

340 1695 492 1736 [sipulum
517 1694 646 1724 extendi
672 1704 733 1723 non
763 1694 969 1725 intendimus,
1001 1705 1072 1724 cum
1101 1694 1207 1734 quoad
1236 1694 1322 1734 ipsos
1354 1693 1538 1723 duxerimus
1566 1693 1663 1723 alium
1693 1693 1876 1733 specialiter
1904 1693 1989 1723 ordi-

339 1746 477 1776 nandum
490 1746 508 1775 ¹.

453 1799 496 1827 12.
535 1796 574 1826 Et
598 1801 631 1826 ut
656 1807 786 1836 presens
802 1807 969 1836 processus
986 1802 1092 1827 noster
1116 1796 1156 1826 ad
1182 1796 1397 1837 predictorum
1417 1796 1605 1833 lffudovici).
1632 1796 1782 1826 Casu-atii
1808 1799 1839 1825 et
1856 1796 1989 1826 aliorum

341 1860 418 1890 quos
449 1849 550 1888 tangit
581 1859 636 1877 seu
668 1859 801 1888 quorum
826 1848 958 1878 interest
982 1849 1031 1878 vel
1058 1849 1211 1878 interesse
1236 1849 1354 1888 poterit
1379 1849 1409 1877 111
1433 1847 1583 1886 futurmn,
1614 1857 1814 1877 communem
1839 1847 1990 1877 noticiam

341 1900 530 1930 deducatur.
562 1903 665 1929 furtas
694 1900 759 1929 sive
789 1900 992 1929 membranas
1016 1910 1199 1939 processum
1225 1900 1422 1929 ‹2⁴3›ntineutes
1448 1899 1584 1929 eundem
1608 1899 1638 1928 in
1665 1899 1912 1937 Avinion(ensis)
1938 1909 1990 1928 ec-

341 1952 437 1981 clesie
462 1951 572 1981 hostiis
597 1950 750 1981 faciemus
775 1951 923 1991 appendi,
949 1961 1010 1990 que
1029 1961 1212 1991 processum
1231 1952 1333 1991 ipsum
1351 1961 1407 1980 suo
1426 1951 1515 1991 quusi
1533 1961 1647 1980 sonoro
1666 1950 1815 1990 preconio
1835 1953 1866 1979 et
1883 1949 1991 1990 patulo

341 2002 456 2032 indicio
482 2001 700 2042 publicabunt,
731 2006 764 2032 ut
789 2001 903 2042 prefati
929 2002 1145 2039 Lmslmricus).
1176 2002 1354 2032 (J¹ast1·utius
1379 2005 1410 2032 ct
1434 2002 1498 2033 alii.
1530 2012 1609 2042 quos
1633 2011 1800 2041 processus
1824 2001 1892 2040 ipse
1917 2012 1991 2031 eon-

342 2054 435 2093 tingit
463 2053 582 2083 nullam
612 2054 733 2093 possint
764 2054 1002 2083 excusati011e1n
1032 2054 1240 2093 pretendere,
1271 2053 1354 2094 quod
1385 2053 1425 2083 ad
1454 2064 1508 2083 eos
1532 2064 1594 2083 11011
1626 2053 1808 2093 pervenerit
1831 2053 1882 2082 vel
1906 2052 1992 2093 quod

342 2105 515 2145 ignorarint
540 2105 691 2141 eundem.
718 2115 786 2135 cum
812 2115 872 2134 non
898 2106 937 2134 sit
961 2105 1131 2135 verisimile
1157 2105 1262 2145 quoad
1288 2106 1373 2145 ipsos
1398 2115 1564 2135 remanere
1588 2105 1785 2144 incognitum
1810 2105 1860 2134 vel
1886 2104 1991 2134 occul-

343 2160 418 2193 tum„
445 2155 528 2195 quod
554 2160 618 2186 tam
644 2160 791 2196 patenter
816 2156 962 2186 omnihus
987 2156 1175 2196 publicatur.
1216 2157 1372 2187 Volentes
1396 2156 1619 2186 nichilominus
1644 2159 1675 2186 et
1698 2155 1888 2186 auctoritate
1914 2165 1991 2195 apo-

343 2207 454 2237 stolica
479 2207 702 2238 decernentes.
731 2207 815 2247 quod
846 2207 947 2237 dictus
980 2218 1146 2248 processus
1171 2208 1301 2238 eosdem
1328 2208 1550 2245 IAudovicum)
1577 2212 1608 2237 et
1633 2207 1826 2237 Castrutium
1852 2217 1888 2236 ac
1913 2206 1993 2236 alios

343 2258 542 2298 supi-adiens
566 2258 790 2298 appi-elwmlat
815 2262 846 2289 et
870 2262 961 2290 artet.
986 2260 1050 2288 acsi
1069 2259 1189 2289 eisdem
1209 2260 1421 2299 personalitm·
1438 2259 1618 2299 publicatus
1636 2262 1668 2288 et
1688 2259 1863 2288 insinuatus
1887 2258 1992 2287 solen-

343 2311 424 2340 niter
448 2310 615 2340 extitisset.
641 2321 841 2350 quaeumque
867 2311 1092 2340 constitutions¹
1118 2322 1174 2351 per
1191 2311 1437 2351 1'›i·e‹lc(·.cssores
1453 2314 1577 2341 nostros
1594 2310 1781 2346 Ro(manos)
1800 2309 1992 2349 pon(tifices)

344 2362 374 2391 in
399 2361 589 2391 contrarium
616 2361 702 2391 edita
726 2372 786 2391 non
821 2362 981 2394 obstante,
1014 2372 1083 2391 cum
1115 2362 1155 2392 ad
1188 2362 1363 2392 eorundem
1392 2362 1584 2402 presentiam
1614 2372 1671 2401 pro
1702 2361 1816 2391 eodem
1842 2369 1993 2400 processu

343 2412 535 2452 publicando
561 2419 592 2442 et
617 2412 804 2442 insinuando
829 2423 958 2443 securus
986 2423 1133 2442 accessus
1162 2424 1222 2443 non
1253 2417 1362 2453 pateat
1386 2424 1443 2443 nec
1469 2416 1577 2453 posset
1601 2411 1769 2442 commode
1794 2411 1989 2451 singulorum

343 2463 471 2494 auribus
497 2474 574 2503 quos
599 2468 730 2501 tangma—
756 2464 930 2494 dinoscitur
954 2465 1114 2494 imfulcari.

453 2523 524 2553 Dat.
550 2525 743 2562 Avinionw)7
770 2524 810 2554 H.
836 2524 906 2554 Kal.
935 2525 1061 2564 Aprilis,
1087 2525 1289 2564 [mutificatus
1315 2525 1411 2555 nostri
1437 2535 1519 2554 anno
1546 2523 1747 2554 duodecimo.

450 2669 474 2693 l>
496 2668 579 2699 Infra
599 2677 638 2692 mr.
659 2673 708 2693 ΗΝ.

2004 674 2030 692 10

2006 930 2029 948 15

2007 1186 2033 1204 ’20

2007 1443 2033 1462 25

2010 1699 2035 1716 30

2011 1959 2036 1977 35

2013 2216 2039 2234 40

2011 2468 2037 2486 45
