2205 3025
328 148 388 175 51.)ss
767 139 863 166 ACTA
884 139 995 166 enom
1015 138 1198 165 Lunnwtci
1216 124 1262 163 iv,
1300 136 1374 164 1330.
1410 136 1528 163 Nuces.

433 226 605 268 Religiosis
629 226 772 266 personis
798 228 829 255 et
853 225 984 255 sacratis
1007 224 1084 254 locis
1108 223 1245 264 benigno
1269 222 1376 253 animo
1401 225 1433 253 et
1455 222 1508 263 pio
1531 222 1599 253 zelo
1617 223 1816 263 procurando
1833 224 1974 264 ipsorum

327 278 495 310 connnoda
521 282 552 308 et
570 276 717 317 augendo
744 286 854 307 eorum
872 275 1025 305 utilitates
1050 278 1081 305 et
1098 274 1270 315 profectus⁷
1294 274 1479 314 frequenter
1496 272 1617 314 Spiritu
1641 273 1746 304 divino
1770 284 1826 304 nos
1849 274 1891 304 ad
1915 274 1974 305 hoc

329 330 486 371 propicius
519 328 718 367 stimulante,
752 326 971 358 favorabiliter
1005 327 1173 356 annuimus
1205 329 1237 356 ct
1273 335 1384 356 eorum
1416 323 1705 365 supplicacionibus
1734 334 1828 355 aures
1863 325 1975 355 damus

326 380 489 411 benivolas
514 382 545 410 et
569 379 736 419 benignas,
760 382 795 409 ut
818 388 876 418 per
898 378 959 408 hoc
984 377 1086 407 cultus
1103 376 1282 408 reverentie
1302 376 1418 415 divine,
1441 375 1482 406 ad
1506 375 1593 406 cuius
1609 378 1817 416 augmentum
1834 386 1974 406 summo-

326 442 403 472 pere
429 440 594 469 conamur,
628 440 666 460 co
692 429 777 470 quod
805 432 912 459 nostre
940 427 1034 458 saluti
1063 427 1145 458 hunc
1176 427 1266 458 nobis
1296 427 1326 457 in
1356 429 1492 467 utroque
1522 426 1630 457 seculo
1659 427 1814 467 proficere
1844 426 1976 458 firmiter

326 482 484 513 credimus
513 483 545 511 ct
569 490 749 521 speramus,
779 490 837 520 per
865 490 920 509 eos
944 479 1072 509 uberior
1099 481 1131 509 et
1153 477 1310 509 salubrior
1334 477 1491 508 habeatur
1514 480 1546 508 et
1569 488 1696 519 semper
1719 480 1823 509 sumat
1845 477 1976 509 beacius

326 535 566 563 incrementum.
624 530 844 561 Peticionibus
872 530 968 571 igitur
996 530 1218 571 religiosorum
1247 530 1386 559 virorum
1410 528 1554 559 Heinrici
1584 529 1711 560 abbatis
1743 533 1775 560 et
1803 532 1976 560 conventus

326 583 511 615 monasterii
536 583 566 613 in
592 581 759 623 Ottirburg
785 582 903 613 ordinis
927 581 1183 622 Cyst(erciensis)
1208 581 1351 622 Mogunt.
1377 580 1479 620 dyon„
1509 580 1696 611 devotorum
1724 583 1904 611 nostrorum
1928 580 1976 611 di-

325 636 481 666 lectorum
506 644 563 675 per
588 633 808 664 exaudicionis
832 636 938 663 nostre
962 633 1119 673 gremium
1144 633 1318 674 graciosius
1342 634 1559 671 occurrentes,
1591 632 1667 672 ipsis
1695 642 1732 662 ac
1757 631 1841 662 dicto
1866 641 1976 662 eorum

326 686 520 718 monasterio
545 686 575 715 in
594 685 774 726 (sittirburgv
799 687 833 715 ut
857 685 955 715 nostri
979 695 1015 715 ac
1032 685 1273 725 progenitorum
1289 686 1468 714 nostrorum
1486 686 1518 713 et
1533 683 1634 713 tocius
1650 683 1847 723 posteritatis
1869 686 1976 714 nostre

325 738 446 768 ibidem
471 741 627 778 perpetua
654 736 810 767 memoria
838 736 1008 775 habeatur,
1038 735 1249 766 donacionem
1281 735 1395 765 iurium
1424 737 1611 775 patronatus
1636 734 1770 764 duarum
1794 734 1977 774 parrochia-

326 789 403 820 lium
436 788 644 819 ecclesiarum
676 789 707 818 in
735 787 811 818 villa
842 787 990 818 Nerstein
1026 797 1125 828 prope
1158 786 1361 827 Oppenheim
1391 786 1467 816 sitas
1498 788 1530 816 et
1557 785 1648 816 unius
1681 786 1826 826 cappelle
1855 785 1978 816 eisdem

326 840 500 880 parrochiis
525 840 688 869 attinentis
713 849 770 879 per
793 838 935 869 nobilem
961 839 1061 869 virum
1086 838 1248 868 dominum
1264 837 1486 868 Hermannum
1510 837 1541 867 in
1558 836 1707 867 Hoinfcls
1731 840 1763 867 et
1785 836 1977 877 legittimam

326 902 414 921 suam
439 890 658 921 conthoralem
685 889 924 931 Chfinigundim
948 892 1037 920 motu
1061 889 1113 929 pie
1138 888 1321 919 devocionis
1346 891 1377 918 et
1399 887 1523 918 intentu
1547 887 1592 918 eis
1615 887 1743 927 factam⁷
1768 898 1838 918 cum
1863 887 1978 918 eadem

326 943 393 973 iura
422 945 607 982 patronatus
639 952 657 972 a
685 941 777 972 nobis
807 944 839 972 et
867 951 957 972 sacro
988 940 1133 971 Romano
1164 940 1298 980 imperio
1327 939 1358 969 in
1390 938 1520 969 feodum
1551 938 1714 980 hueusque
1744 938 1976 977 descenderim,

326 993 551 1034 approbamus,
576 993 769 1023 ratificamus
787 995 819 1023 et
835 992 992 1033 presentis
1008 991 1107 1022 nostri
1124 991 1232 1032 scripti
1253 990 1429 1031 patrocinio
1446 989 1678 1031 confirmamus.
1723 990 1980 1031 Appropriantes

326 1044 477 1084 predictis
510 1069 545 1075 ..
580 1044 689 1074 abbati
725 1047 757 1074 et
787 1068 817 1074 ..
855 1043 1023 1074 conventui
1061 1053 1097 1073 ac
1132 1052 1243 1073 eorum
1276 1041 1470 1072 monasterio
1501 1040 1670 1081 Ottirburg
1704 1041 1910 1071 ecclesiarum
1948 1044 1980 1071 et

327 1096 472 1136 cappelle
496 1095 728 1136 predictarum,
761 1096 900 1126 maxime
925 1095 1000 1136 quia
1024 1094 1098 1125 dicti
1122 1093 1300 1124 Hei-manni
1324 1092 1443 1123 domini
1473 1093 1504 1122 in
1527 1092 1675 1123 Hoinfels
1704 1096 1736 1123 et
1760 1091 1980 1133 Chfinigundis

327 1146 521 1177 conthoralis
548 1157 603 1177 sue
634 1147 850 1187 predictorum
879 1156 1051 1176 consensus
1081 1148 1113 1176 et
1141 1146 1261 1175 instans
1296 1154 1427 1185 precum
1459 1143 1634 1184 postulacio
1665 1145 1835 1175 intervenit
1864 1145 1979 1175 litteris

327 1207 438 1228 eorum
463 1198 645 1238 patentibus
670 1201 701 1228 et
726 1198 873 1238 aper-cius
897 1197 1073 1237 sigillatis&
1105 1197 1173 1227 iura
1197 1198 1384 1236 patronatus
1408 1196 1624 1236 suprascripta
1654 1196 1844 1227 auctoritate
1877 1198 1909 1226 et
1939 1195 1978 1226 de

327 1249 420 1279 solita
444 1248 619 1279 clemencia
644 1252 750 1279 nostre
775 1248 981 1288 imperatorie
1006 1248 1194 1278 maiestatis.
1283 1246 1320 1276 In
1343 1247 1431 1277 cuius
1454 1249 1560 1277 nostre
1586 1246 1841 1287 appi-obacionis‚
1866 1246 1978 1277 confir-

326 1300 479 1331 macionis
509 1304 541 1330 et
564 1300 838 1341 appropriacionis
863 1299 960 1330 robur
984 1303 1015 1330 et
1040 1299 1170 1330 evidens
1195 1299 1412 1330 testimonium
1437 1301 1602 1338 presentes
1628 1297 1784 1328 conscribi
1808 1301 1840 1329 et
1870 1302 1976 1329 nostre

327 1351 504 1381 maiestatis
527 1351 630 1391 sigillo
656 1352 803 1381 iussimus
827 1351 1023 1382 communiri.

436 1401 555 1432 Datum
581 1403 611 1432 in
628 1401 788 1443 Ezzlinga7
813 1402 893 1432 feria
906 1402 962 1432 VI.
987 1405 1060 1432 ante
1078 1400 1279 1431 Dominicam
1304 1410 1364 1440 qua
1381 1402 1526 1430 cantatur
1541 1399 1678 1430 Domine
1702 1410 1741 1430 ne
1765 1400 1871 1441 longe,
1896 1410 1978 1431 anno

329 1452 457 1483 Domini
482 1452 706 1491 MCCCXXX,
730 1453 822 1494 regni
846 1453 945 1483 nostri
969 1463 1051 1483 anno
1076 1451 1165 1488 ΧῩΙἼ
1189 1450 1314 1491 imperii
1339 1461 1414 1481 vero
1439 1451 1498 1481 III.

329 1598 495 1630 perpetuum
517 1596 551 1621 ad
571 1604 677 1622 ornnem
698 1605 774 1622 usum
795 1605 873 1621 suum
893 1596 1055 1629 possideant
1074 1595 1189 1629 pacifice
1209 1598 1236 1622 et
1256 1596 1358 1628 quiete.
1399 1595 1434 1621 Et
1453 1596 1504 1621 1100
1524 1603 1572 1628 per
1590 1603 1701 1620 manum
1720 1594 1911 1628 gloriosissimi
1931 1595 1979 1621 im-

330 1639 465 1672 peratoris
483 1639 588 1664 domini
610 1639 766 1669 Ludowici,
791 1639 823 1665 de
843 1648 897 1671 quo
917 1639 974 1665 tale
994 1639 1035 1664 ius
1055 1640 1219 1672 patronatu>¹
1245 1639 1273 1664 in
1292 1638 1371 1664 feodo
1395 1638 1540 1671 processit,
1564 1636 1713 1663 accedente
1732 1637 1820 1670 ipsius
1847 1645 1978 1664 consensu

330 1681 489 1707 voluntario
509 1683 537 1708 et
556 1690 692 1714 expresso.
764 1682 794 1707 In
814 1681 892 1707 cuius
912 1681 952 1707 rei
971 1681 1162 1715 testimonium
1180 1681 1276 1713 sigilla,
1294 1683 1387 1707 nostra
1407 1680 1582 1714 presentibus
1600 1682 1664 1706 sunt
1682 1688 1812 1713 appensa.

433 1724 533 1750 Datum
554 1733 625 1750 anno
646 1723 755 1749 Domini
775 1724 958 1753 MCCCXXX,
979 1724 1005 1749 in
1025 1724 1070 1750 die
1090 1724 1165 1750 beati
1186 1724 1297 1757 Georgii
1317 1723 1447 1749 martiris.

436 1822 513 1851 Quod
533 1821 637 1847 domini
658 1822 690 1848 de
710 1822 840 1848 Hoenl'els
860 1823 1004 1848 conferunt
1023 1822 1102 1848 uobis
1122 1823 1163 1848 ius
1183 1824 1348 1856 patronatus
1367 1821 1544 1848 ecclesiarum
1564 1820 1592 1846 in
1612 1820 1741 1847 Nerstein

436 1865 572 1891 Noverint
592 1864 714 1890 universi
734 1865 906 1898 presencium
928 1866 1106 1899 inspectores
1126 1865 1199 1898 quod
1218 1874 1266 1891 nos
1286 1865 1459 1890 Hermannus
1478 1863 1602 1889 domiuus
1622 1863 1655 1889 de
1675 1863 1803 1889 Hoenfels
1823 1865 1850 1890 et
1871 1863 1980 1889 domina

332 1906 511 1941 Kfinegundis
531 1909 625 1933 nostra
647 1907 818 1934 collateralis
838 1908 981 1942 legittima
1000 1908 1206 1934 considerantes
1226 1907 1415 1934 condicionem
1434 1907 1584 1932 humanam
1604 1914 1660 1932 esse
1680 1905 1794 1932 labilem
1813 1913 1845 1931 ac
1864 1905 1983 1931 salutem

334 1951 488 1976 animarum
507 1950 588 1975 rebus
608 1949 738 1975 omnibus
756 1950 814 1976 fore
833 1951 932 1977 merito
952 1950 1157 1984 preferendam,
1180 1950 1245 1976 hinc
1269 1952 1311 1976 est
1330 1949 1403 1982 quod
1425 1948 1510 1975 saluti
1529 1949 1682 1974 animarum
1702 1950 1856 1974 nostrarum
1876 1949 1982 1974 nostro-

331 2001 445 2025 rumque
459 1992 666 2026 progenitmum
688 1993 832 2025 providere
851 1993 1000 2019 salubriter
1019 1994 1162 2027 cupientes
1182 1993 1216 2019 ob
1231 1993 1378 2019 earundem
1392 1992 1546 2018 animarum
1560 1993 1714 2017 nostrarum
1733 1992 1761 2017 et
1775 1990 1982 2024 progenitorum

332 2038 486 2061 nostrorum
511 2035 662 2061 remedium
687 2035 729 2060 ius
754 2037 919 2068 patronatus
944 2037 1059 2062 duarum
1084 2036 1261 2062 ecclesiarum
1288 2034 1505 2069 parrochianum
1528 2036 1556 2060 et
1580 2034 1661 2059 unius
1684 2033 1812 2067 cappelle
1835 2033 1983 2059 attinentis

333 2078 451 2103 sitarum
472 2077 499 2102 in
519 2077 645 2103 terminis
665 2078 730 2103 ville
751 2078 880 2104 Nerstein
899 2079 1024 2112 Mogunt.
1043 2079 1120 2111 dyoc.
1141 2087 1202 2104 cum
1226 2078 1282 2104 suis
1305 2077 1466 2104 attinenciis
1489 2078 1517 2103 et
1536 2076 1716 2110 pertinenciis
1739 2075 1885 2107 universis,
1910 2076 1983 2108 quod

331 2120 365 2144 ad
385 2128 432 2144 no>⁴
449 2128 509 2144 cum
537 2119 592 2145 suis
611 2120 792 2153 pertinenciis
816 2121 972 2147 huiusmodi
997 2121 1080 2147 titulo
1105 2121 1228 2154 pertinet
1251 2120 1365 2151 feodali,
1389 2122 1471 2153 prout
1495 2119 1565 2146 illud
1591 2119 1625 2144 ad
1649 2127 1697 2144 nos
1720 2118 1843 2152 pertinet
1866 2120 1894 2145 et
1917 2118 1983 2144 hac-

332 2164 411 2187 teuus
440 2162 587 2194 pertinuit,
619 2163 651 2188 de
682 2172 813 2189 consensu
842 2166 869 2189 et
897 2164 1042 2190 voluntate
1067 2162 1259 2197 gloriosissimi
1283 2162 1459 2196 imperatoris
1487 2161 1591 2187 domini
1614 2161 1756 2187 Ludowici
1780 2161 1884 2186 domini
1910 2161 1983 2187 feodi

332 2204 464 2237 prelibati
496 2205 631 2238 religiosis
662 2206 727 2230 viris
753 2226 782 2231 ..
807 2206 905 2232 abbati
933 2209 961 2232 et
984 2226 1014 2232 ..
1043 2206 1191 2232 conventui
1219 2205 1379 2231 monasterii
1411 2205 1439 2230 in
1464 2204 1610 2237 Ottirburg
1638 2203 1740 2229 ordinis
1765 2203 1983 2236 Cyst(erciensis)

333 2246 406 2272 dicte
432 2247 555 2280 Mogunt.
578 2247 657 2279 dyoc.
676 2248 808 2274 donamus
834 2249 985 2274 ‹lonacione
1010 2249 1082 2274 inter
1110 2249 1186 2274 vivos
1213 2250 1242 2275 et
1264 2248 1388 2282 perfecta
1416 2256 1465 2280 pro
1492 2247 1571 2273 nobis
1597 2246 1752 2279 nostrisque
1780 2246 1926 2272 heredibus
1955 2248 1983 2272 et

333 2289 535 2314 successoribus
565 2290 700 2316 universis
728 2293 755 2316 et
784 2291 958 2317 concedimus
982 2293 1010 2317 et
1034 2292 1061 2317 111
1085 2291 1193 2318 eosdem
1222 2291 1412 2317 transferimus
1435 2289 1629 2323 possidendum
1658 2291 1792 2322 perpetuo
1818 2288 1901 2322 pleno
1926 2288 1983 2314 iure

332 2331 426 2363 eisque
454 2340 502 2364 per
526 2335 685 2365 presentes-”²
705 2334 894 2359 confirmamus
923 2335 997 2360 omni
1026 2334 1083 2361 iure
1108 2337 1135 2360 et
1158 2334 1250 2363 modo,
1279 2343 1332 2367 quo
1356 2341 1466 2366 quoquo
1493 2332 1594 2358 modob
1619 2332 1662 2358 vel
1691 2340 1745 2364 quo
1773 2331 1870 2357 melius
1891 2331 1982 2357 valere

333 2375 433 2406 potest,
454 2382 524 2398 nunc
544 2377 570 2399 et
602 2374 627 2399 in
648 2377 810 2407 perpetuum
836 2376 868 2401 de
888 2376 1087 2402 consuetudine
1108 2376 1150 2401 vel
1175 2376 1207 2402 de
1228 2376 1294 2402 iure.
1337 2375 1534 2401 Promittentes
1556 2383 1605 2408 pro
1628 2374 1707 2400 nobis
1730 2376 1758 2400 et
1781 2373 1881 2400 nostris
1908 2373 1984 2400 here-

334 2415 414 2440 dibus
434 2417 530 2442 contra
550 2417 742 2443 (lonucioneinv
769 2418 918 2444 cessionem
943 2421 992 2444 aut
1017 2419 1231 2444 translacionem
1256 2418 1413 2444 huiusmodi
1438 2420 1602 2451 perpetuam
1624 2425 1677 2442 11011
1701 2416 1793 2442 νο1111·0
1817 2424 1866 2449 per
1888 2424 1936 2441 nos
1956 2418 1983 2442 et

334 2467 382 2491 per
401 2457 470 2483 alios
491 2458 518 2483 in
539 2458 640 2483 iudicio
665 2459 706 2485 rel
728 2461 801 2485 extra
821 2461 902 2486 verbo
918 2461 959 2486 vel
979 2462 1061 2488 facto.
1083 2461 1193 2494 publice
1215 2461 1256 2487 vel
1277 2461 1385 2487 occulte
1404 2469 1436 2486 ac
1456 2460 1570 2486 eandem
1590 2468 1623 2485 ex
1642 2467 1815 2492 quacumque
1834 2466 1918 2484 causa
1939 2458 1980 2484 vel

334 2500 477 2526 occasione
497 2500 693 2533 cuiuscumque
715 2501 924 2535 ingratitudinis
944 2511 1083 2530 revocure.
1112 2506 1154 2529 set
1177 2503 1265 2536 ipsam
1289 2503 1395 2528 firmam
1418 2504 1446 2529 et
1470 2504 1560 2528 ratam
1583 2500 1726 2535 perpetuis
1745 2499 1916 2533 temporibus
1943 2500 1984 2525 in-

336 2542 508 2568 violabiliter
527 2543 680 2569 observare.
769 2544 871 2570 Dantes
891 2545 1001 2570 1101111110
1021 2566 1046 2571 ..
1066 2545 1163 2571 abbati
1183 2548 1211 2571 et
1231 2566 1256 2572 ..
1277 2545 1425 2572 conventui
1450 2544 1566 2578 prefatis
1586 2545 1726 2577 presentes
1752 2543 1862 2569 litteras
1881 2541 1982 2576 sigillis

335 2585 434 2611 nostris
454 2585 596 2618 sigillatas
616 2586 642 2611 in
666 2586 748 2611 101101
767 2589 793 2612 et
814 2587 1004 2613 testimonium
1024 2597 1106 2621 super
1124 2597 1163 2614 eo.

437 2628 539 2654 Datum
558 2637 630 2653 anno
652 2628 759 2654 Domini
780 2629 963 2657 MCCQXXX.
983 2630 1009 2655 in
1032 2631 1075 2655 die
1095 2631 1171 2656 beati
1194 2630 1252 2657 Viti
1273 2630 1401 2657 martiris.

438 2680 463 2712 1)
482 2679 570 2712 Supra
592 2687 631 2705 nr.
648 2683 702 2705 6107.

437 2742 460 2769 ¹²)
480 2742 579 2772 ppntib5
599 2750 619 2765 τ’,
710 2740 734 2771 b)
754 2742 787 2765 sie
807 2750 825 2765 c.

1999 697 2022 716 10

1997 954 2020 972 15

1998 1207 2023 1226 20

1998 1462 2022 1481 25

2001 1834 2026 1853 30

2002 2042 2026 2060 35

2002 2255 2028 2273 40

2002 2468 2026 2486 45

2003 2689 2030 2707 50
