2205 3025
389 134 451 163 472
626 129 720 155 ACTA
741 127 855 154 REGNI
874 126 1057 153 LUDEWICI
1078 126 1124 152 IV.
1143 126 1190 152 ET
1210 122 1394 152 FRIDERICI
1414 125 1462 151 III.
1499 125 1574 152 1329.
1610 125 1659 152 Nr.
1672 126 1731 152 5138.
1750 126 1809 152 569.

520 286 593 321 568.
629 284 896 320 LITTERAE
921 283 1191 319 IOHANNIS
1215 283 1338 318 XXII.
1363 282 1538 318 PAPAE
1562 282 1637 317 AD
1663 280 1914 319 COMITEM

956 338 1275 374 PALATINUM
1299 338 1479 374 RHENI.

1071 406 1179 442 1329.
1222 406 1311 451 Apr.
1333 407 1367 442 4.

502 500 598 539 Copia
616 501 668 538 (c.)
694 500 728 529 vin
751 498 954 538 Reglestorum
977 498 1202 529 Vaticanorum
1227 497 1381 528 tabularii
1403 497 1552 528 Vaticani
1575 499 1746 528 tom.1151
1764 498 1823 539 fol.
1841 499 1881 529 95
1905 509 1953 530 nr.
1971 499 2044 530 543.

393 551 587 583 (lentabimus
609 561 673 582 uos,
700 570 739 574 --
764 550 825 581 Ed.
844 549 967 580 Rfiezler
991 549 1153 580 *Vatilaaw
1171 549 1284 580 Akten'
1302 560 1337 588 p.
1354 551 1418 579 417
1441 560 1489 580 nr.
1509 550 1592 579 1160
1615 559 1652 580 ec
1676 560 1701 581 c.

497 645 640 686 Roperto
666 646 773 675 comiti
798 645 939 685 palatino
964 644 1046 675 Reni
1071 643 1143 674 duci
1168 644 1315 674 Bavarie.

498 698 589 728 Licet
613 697 736 727 sincera
760 696 899 735 devotio,
925 706 1019 736 quam
1045 695 1085 726 ad
1110 706 1167 725 nos
1192 699 1224 726 et
1246 695 1427 725 Romanam
1452 699 1587 726 matrem
1611 695 1739 736 gessisti
1763 695 1917 726 hactenus
1942 696 2046 727 eccle-

390 750 480 789 siam,
505 749 628 779 indiciis
653 748 803 779 claruerit
826 747 1017 785 manifestis,
1042 747 1129 777 illam
1160 750 1268 777 tamen
1297 746 1350 776 dil.
1368 746 1410 777 fil.
1436 746 1552 777 Petrus
1581 746 1621 777 de
1652 746 1780 787 Ungula
1811 747 1897 787 prior
1926 747 2045 778 Tholo-

390 801 512 841 san(us)
531 800 708 840 Hospitalis
732 800 833 830 sancti
850 799 1000 829 Iohannis
1016 798 1276 837 Ierosolimitani,
1300 801 1408 829 noster
1432 802 1465 829 et
1481 798 1658 839 apostolice
1675 798 1760 829 sedis
1783 799 1814 829 in
1839 799 1884 829 eis
1902 799 2046 839 partibus

389 853 534 891 nuncius,
566 862 624 892 per
654 861 726 882 suas
750 851 843 882 nobis
871 851 984 881 missas
1008 851 1133 880 noviter
1155 850 1279 880 litteras
1303 850 1390 880 velut
1414 860 1472 890 per
1494 850 1598 891 ipsum
1623 849 1865 890 comprobatam
1895 850 2046 891 operibus

390 903 607 944 multipliciter
631 901 884 940 commendavit,
909 902 939 932 in
964 900 1086 932 eisdem
1110 900 1472 932 litteris'niohilominus
1502 900 1739 942 subiungendo,
1771 900 1857 942 quod
1885 901 1917 931 in
1947 901 2045 932 devo-

390 956 476 985 tione
505 955 574 995 ipsa
609 953 838 984 invariabiliter
871 954 1042 994 persistere
1071 952 1284 993 proponebas.
1354 952 1420 982 Nos
1450 955 1557 983 autem
1587 952 1791 983 devotionem
1821 955 1854 983 et
1883 952 2046 984 laudabile

390 1007 589 1047 propositum
614 1005 796 1036 huiusmodi
821 1015 892 1035 cum
918 1005 1094 1045 gratiarum
1118 1004 1297 1034 actionibus
1321 1003 1473 1034 uberibus
1496 1004 1717 1044 multipliciter
1740 1004 1770 1034 in
1794 1003 1934 1034 Domino
1959 1014 2046 1035 com-

389 1057 595 1096 mendantes,
627 1057 827 1088 nobilitatem
861 1059 947 1087 tuam
972 1066 1123 1096 rogamus
1147 1056 1299 1086 attentius
1324 1059 1355 1086 et
1378 1056 1409 1085 in
1433 1055 1573 1086 Domino
1597 1055 1818 1095 exhortamur,
1844 1055 1991 1096 quatinus
2015 1056 2046 1086 in

390 1110 445 1147 cis,
471 1119 511 1139 ex
535 1108 648 1149 quibus
665 1108 735 1138 Deo
760 1119 888 1148 semper
911 1108 1059 1138 efficieris
1084 1108 1246 1147 acceptior
1270 1111 1302 1137 et
1326 1107 1430 1137 locum
1455 1107 1611 1137 uberioris
1635 1106 1753 1137 favoris
1777 1110 1810 1137 et
1833 1108 1936 1148 gratie
1961 1107 2046 1148 apud

391 1160 509 1191 dictam
534 1160 644 1190 sedem
670 1159 727 1190 tibi
751 1170 812 1190 non
837 1160 984 1190 inmerito
1002 1159 1196 1197 vendicabis,
1221 1159 1393 1199 persistere
1411 1159 1648 1189 continuatione
1666 1158 1769 1189 solida
1792 1168 1855 1188 non
1873 1160 2045 1199 ommittas,

393 1212 432 1242 de
461 1212 552 1242 nobis
582 1211 775 1241 fiducialiter
804 1210 986 1249 habiturus,
1020 1210 1105 1251 quod
1135 1221 1192 1240 nos
1221 1210 1250 1240 in
1282 1211 1343 1240 tuis
1373 1210 1657 1251 oportunitatibus,
1691 1213 1844 1251 quantum
1873 1220 1944 1241 cum
1973 1210 2046 1241 Deo

392 1263 526 1302 licuerit,
551 1263 712 1303 propicios
736 1264 879 1303 reperies
903 1266 934 1293 et
958 1262 1123 1302 benignos.
1178 1261 1219 1292 Et
1247 1272 1322 1292 ecce
1352 1262 1437 1303 quod
1461 1263 1634 1303 petitiones
1664 1273 1721 1302 pro
1750 1265 1841 1303 parte
1871 1264 1925 1292 tua
1955 1261 2046 1293 nobis

392 1314 515 1344 oblatas
539 1314 687 1344 duximus
718 1313 759 1344 ad
784 1313 999 1344 exauditionis
1028 1314 1165 1354 gratiam
1195 1313 1420 1344 admittendas.
1471 1313 1513 1343 Et
1543 1324 1582 1344 ne
1613 1324 1709 1354 super
1732 1313 1819 1353 aliis,
1849 1313 1874 1343 si
1906 1323 1983 1354 quas
2014 1317 2046 1344 te

392 1365 483 1395 nobis
508 1365 623 1395 offerre
648 1366 811 1405 contingat
834 1365 1058 1405 imposterum,
1089 1364 1174 1395 fraus
1203 1375 1261 1405 per
1283 1364 1409 1406 aliquos
1433 1365 1666 1403 committatur,
1696 1365 1841 1396 volumus
1866 1365 1951 1406 quod
1976 1365 2046 1395 illas

393 1427 471 1458 quas
489 1416 575 1447 cordi
593 1417 740 1457 gesseris,
765 1415 916 1447 honestas
932 1419 1039 1446 tamen
1058 1419 1090 1446 et
1107 1416 1307 1446 exaudibiles
1326 1416 1432 1446 mittas
1449 1416 1539 1446 nobis
1556 1416 1673 1447 amodo
1692 1416 1749 1447 sub
1767 1420 1854 1447 certo
1873 1417 1963 1457 signo
1981 1419 2045 1447 tuo.

500 1467 573 1498 Dat.
602 1466 823 1509 [Avinion(e‘)],
849 1468 889 1498 II.
915 1467 996 1498 Non.
1024 1468 1152 1508 Aprilis,
1177 1478 1259 1498 anno
1284 1467 1521 1498 terciodecimo.

468 1677 715 1720 oea—513.
759 1676 1083 1721 LITTERAE
1113 1675 1458 1723 CIVITATIS
1488 1676 1966 1722 FLORENTINAE

980 1745 1073 1789 AD
1106 1743 1454 1790 DIVERSOS.

1012 1827 1119 1862 13029.
1158 1828 1247 1871 Apr.
1270 1827 1426 1862 8.—Q7.

693 1942 778 1976 569.
821 1942 974 1976 Litterae
1000 1944 1046 1976 «d
1074 1943 1218 1985 leuatum
1250 1943 1481 1987 ‹tpostolistmm
1592 1943 1681 1987 Aps.
1699 1943 1733 1976 8.

505 2019 602 2058 Copia
627 2022 678 2057 (c.)
704 2020 737 2049 in
764 2019 912 2058 Copiario
936 2019 1018 2059 ‘Rcy¹
1037 2020 1095 2050 litt.
1115 2020 1167 2051 II'
1190 2021 1313 2060 sigmate
1340 2021 1394 2058 fol.
1413 2021 1470 2051 32¹
1494 2020 1646 2051 tabularii
1668 2020 1746 2059 reyiess
1769 2019 1965 2055 Ἑίονεηίὶηέ,
1989 2019 2044 2050 ubi

393 2071 540 2101 mbrmn:
570 2070 622 2101 Ad
646 2071 809 2101 dominum
837 2072 867 2101 in
891 2071 1089 2102 Lombardia
1117 2072 1268 2112 legatum.
1304 2092 1344 2095 —
1375 2072 1472 2103 Dedit
1495 2072 1610 2103 Ficker
1637 2071 1823 2104 ‘Urkmzsleu
1851 2081 1909 2101 ,ταν
1935 2071 2042 2102 Gesch.

392 2123 444 2153 des
467 2122 695 2161 Rocmerxnycs'
715 2133 746 2160 2).
766 2123 824 2152 127
847 2133 894 2153 nr.
912 2123 976 2152 239
999 2135 1036 2153 1211
1060 2134 1085 2153 c.
1133 2124 1312 2155 Ediaeionmn
1338 2125 1514 2162 rspetimns.

499 2216 637 2246 Domino
662 2217 691 2246 in
717 2216 912 2247 Lonibardia
937 2216 1054 2257 legato.

500 2267 587 2297 Inter
610 2271 717 2298 cetera
741 2269 827 2297 venit
852 2269 881 2297 in
908 2269 1008 2308 pactis
1033 2269 1120 2299 tallie
1146 2270 1269 2300 noviter
1293 2270 1447 2309 ordinate,
1474 2270 1559 2310 quod
1584 2270 1665 2299 intra
1690 2269 1771 2299 VIII
1796 2268 1863 2299 dies
1889 2269 2044 2309 presentis

358 2333 374 2350 s.
392 2319 509 2350 mensis
532 2319 651 2358 Aprilis
676 2319 832 2349 deberent
855 2320 1016 2359 sapientes
1040 2322 1253 2351 communium
1279 2321 1439 2359 Bononie,
1469 2321 1639 2355 Senarum,
1671 2321 1795 2351 Perusii
1825 2324 1857 2351 et
1880 2321 2043 2352 Florentie

392 2371 560 2400 convenire
589 2371 619 2400 iu
651 2381 689 2399 ea
713 2371 875 2400 civitatum
901 2371 1055 2411 ipsarum,
1088 2373 1135 2401 cui
1161 2373 1305 2403 Bavarus
1335 2376 1420 2403 esset
1451 2373 1639 2413 proximior,
1675 2376 1706 2402 et
1733 2371 1774 2402 ibi
1804 2382 1873 2402 esse
1906 2383 1962 2412 pro
1994 2383 2044 2403 or-

393 2421 539 2452 dinandis
570 2422 747 2461 oportunis,
783 2432 948 2462 quousque
981 2422 1151 2453 habebitur
1180 2425 1342 2464 presentia
1377 2425 1536 2465 capitanci
1568 2423 1737 2464 generalis.
1794 2423 1833 2453 Et
1866 2423 1939 2454 ideo
1972 2434 2042 2454 cum

392 2474 519 2513 sapiens
550 2474 725 2503 communis
754 2473 896 2503 Bononie
926 2473 1064 2503 nondum
1095 2476 1231 2509 venerit,
1262 2475 1300 2506 de
1330 2486 1393 2516 quo
1422 2477 1586 2512 miramur,
1619 2478 1650 2505 et
1680 2474 1720 2505 ab
1751 2475 1821 2504 aliis
1853 2478 2044 2515 expectetur

393 2535 528 2564 cumque
553 2524 731 2554 audivimus
756 2524 839 2564 quod
866 2527 988 2564 partem
1007 2524 1090 2555 dictc
1116 2526 1203 2556 tallie
1221 2527 1310 2556 vobis
1336 2538 1391 2567 pro
1410 2531 1510 2557 matre
1529 2526 1665 2557 ecclesia
1681 2526 1919 2566 contingentem
1943 2537 2043 2567 usque

392 2575 488 2605 hodie
512 2586 573 2605 non
600 2576 743 2615 parastis,
769 2575 807 2605 do
833 2586 894 2615 quo
921 2576 1137 2616 multipliciter
1160 2577 1363 2613 admiramur,
1388 2578 1596 2609 consideratis
1621 2576 1827 2618 apparatibus
1851 2580 1883 2607 et
1898 2578 2043 2617 potentia

393 2626 483 2656 vobis
508 2630 539 2656 et
563 2627 653 2657 nobis
678 2628 780 2657 vicina
805 2627 918 2657 Bavari
944 2627 1096 2657 antedicti
1121 2632 1153 2658 et
1176 2630 1334 2668 presentis
1365 2631 1518 2670 temporis
1546 2629 1715 2670 qualitate,
1747 2628 1832 2669 quod
1862 2627 1969 2659 hostes
2002 2629 2042 2659 ad

394 2688 559 2718 processus
583 2679 708 2712 invitat,
734 2688 854 2718 nosque
880 2681 1002 2718 partem
1028 2682 1167 2709 nostram
1193 2681 1374 2719 pniavimus
1399 2684 1430 2711 et
1454 2681 1660 2710 habuerimus
1683 2680 1747 2709 iani
1772 2682 1820 2709 est
1844 2679 1910 2716 diu,
1936 2682 2042 2720 pater—

394 2730 482 2759 nitati
509 2734 541 2759 et
558 2729 766 2760 dominationi
784 2733 888 2759 vestre
914 2734 1031 2770 quanto
1057 2731 1158 2760 carius
1183 2734 1214 2760 et
1231 2731 1435 2762 affectuosius
1454 2742 1620 2772 possumus
1637 2731 1861 2771 supplicamuS,
1887 2734 2043 2771 quatenus

2075 566 2087 584 5

2067 860 2092 879 10

2067 1116 2090 1134 15

2066 1376 2091 1395 20

2064 1841 2089 1859 25

2063 2231 2090 2250 30

2062 2488 2088 2507 35

2061 2743 2089 2762 40
