2205 3025
295 1394 338 1413 lan,
349 1394 382 1413 :²1-

398 141 459 168 1151)
600 135 693 161 ACTA
714 133 825 160 HEC-Nl
846 133 1026 160 LUDEWICI
1046 133 1091 159 IV.
1111 132 1158 159 ET
1178 123 1362 159 FRIDERICI
1381 132 1428 158 ΙΙΙ.
1466 132 1539 158 1329.
1577 132 1624 158 Nr.
1639 132 1697 159 539.
1716 132 1774 159 540.
1794 133 1852 160 541.

396 223 532 253 militum
557 224 681 261 partem
706 229 902 250 assummere
928 220 1004 260 ipsis
1028 219 1262 250 rationabiliter
1279 219 1518 259 contingentem
1543 221 1575 249 et
1598 229 1655 259 pro
1679 219 1804 249 meliori
1828 219 1903 250 dicti
1928 219 2048 251 domini

398 273 494 313 legati
520 272 760 312 dispositionem
786 274 817 301 et
841 270 1006 301 consilium
1031 270 1201 301 observare
1227 273 1259 301 et
1282 269 1410 300 domiuo
1435 280 1558 300 summo
1583 270 1724 310 pontifici
1748 270 1939 311 supplicare,
1965 271 2050 312 quod

398 324 513 354 nedum
537 326 661 363 partem
685 322 745 352 sibi
770 321 809 352 de
834 321 904 352 aliis
930 321 992 352 duo
1017 322 1103 352 milia
1121 321 1303 362 quingentis
1326 321 1480 352 militibus
1504 321 1753 362 contingentem,
1778 321 1835 352 sed
1860 322 1956 352 etiam
1980 332 2048 353 am-

397 376 531 416 pliorem
549 374 760 414 quantitatem
778 373 914 403 militum
932 383 1051 413 ponere
1070 373 1219 413 dignetur
1243 372 1282 404 ad
1301 372 1418 403 dictam
1436 372 1558 403 talliam
1575 372 1766 413 augendam.
1812 372 1854 404 Et
1877 376 2050 414 propterea

397 426 456 467 ipsi
481 426 568 465 regie
593 425 751 455 maiestati
777 424 1041 455 affectuosissime
1067 424 1263 465 supplicent,
1294 427 1451 465 quatenus
1475 423 1628 464 predictis
1656 427 1688 454 et
1717 424 1787 454 aliis
1811 424 2050 455 considerandis

396 476 606 507 consideratis
631 476 779 516 dignetur
804 478 836 505 et
859 475 935 506 velit
959 478 990 506 et
1014 476 1081 516 ipse
1106 486 1168 506 non
1192 476 1295 506 solum
1320 478 1445 516 partem
1474 474 1579 506 eidem
1608 474 1648 506 de
1673 474 1764 505 dictis
1792 475 1944 506 militibus
1975 486 2049 506 con-

396 530 571 569 tingentem
594 537 757 558 assumere
783 534 814 557 et
832 536 955 567 parare,
981 527 1038 557 sed
1061 527 1252 567 ampliorem
1276 526 1316 557 ad
1341 527 1457 557 dictam
1482 526 1605 557 talliam
1628 529 1663 556 ut
1678 526 1853 567 predicitur
1868 527 2050 568 augendam

395 580 436 610 ad
461 580 530 617 hoc,
555 582 589 610 ut
612 580 672 619 ipsi
697 579 804 609 hostes
829 578 965 609 ecclesie
990 582 1099 609 sancte
1116 579 1178 609 Dei
1202 582 1299 619 atque
1323 578 1404 619 regii
1429 578 1532 617 citius,
1556 578 1719 618 potentius
1743 581 1775 609 et
1798 579 1938 610 securius
1963 589 2050 610 com-

395 632 581 672 primantur,
600 633 632 661 ct
648 641 721 660 suos
739 630 834 660 ctiam
853 630 979 660 nuntios
993 629 1141 661 solennes
1156 630 1197 660 ad
1214 629 1378 660 dominum
1392 639 1550 660 summum
1567 629 1751 670 pontificem
1768 628 1834 671 [de]
1853 629 1937 661 dicta
1955 641 2051 662 causa

396 684 523 713 mittere
548 682 614 712 sinc
640 691 744 719 mora,
774 684 808 711 ut
836 681 932 711 nichil
963 680 1002 711 de
1028 681 1193 722 oportunis
1221 684 1252 711 et
1276 680 1533 721 contingentibus
1557 680 1735 718 omittatur,
1768 684 1800 711 et
1827 681 2050 712 nichilominus

396 744 486 764 suam
510 737 633 774 partem
657 732 793 763 militum
822 742 945 762 exnunc
975 732 1056 763 adeo
1082 743 1270 773 preparare,
1303 732 1388 773 quod
1413 732 1439 762 si
1461 731 1644 772 expeditur,
1664 727 1763 773 ¹quod
1787 733 1915 763 omnino
1939 733 2049 764 verisi-

396 785 514 815 militer
537 785 686 822 creditur⁷
711 788 784 814 ante
809 784 1051 824 responsionem
1076 794 1094 814 a
1119 783 1249 815 domino
1267 794 1391 814 summo
1409 783 1559 824 pontifice
1577 783 1719 814 habitam
1736 787 1845 824 posset
1861 793 2050 816 concurrere

396 848 467 867 cum
491 836 553 867 alio
578 836 835 866 Florentinorum
861 838 892 865 et
916 835 1168 866 condevotorum
1194 836 1331 866 exfortio
1356 834 1537 876 ubicunque
1562 835 1656 866 fuerit
1674 838 1864 876 oportunum
1888 846 1945 877 pro
1963 846 2050 867 eom-

396 889 482 918 muni
507 887 694 918 defensione
719 887 808 927 regia
834 890 865 917 et
890 887 1032 917 omnium
1056 886 1246 918 devotorum
1271 890 1303 917 et
1327 887 1534 927 depressione
1558 886 1698 917 hostium
1722 886 1938 927 predictorum
1962 897 2049 918 com-

396 940 498 969 munis
524 940 667 980 potentia
692 942 909 979 utrorumque.

503 990 588 1021 Data
612 990 784 1024 Florentie,
809 991 858 1021 1110
885 989 991 1020 XVII.
1009 990 1158 1022 Ianuarii.
1184 990 1259 1021 XII.
1278 990 1341 1020 ind.

771 1112 853 1146 540.
895 1113 1047 1147 Litterae
1075 1114 1121 1147 [a]
1147 1113 1181 1147 S.
1202 1113 1404 1147 Me'matum.
1512 1113 1669 1147 Ian.‚?:'.).

509 1187 605 1225 Copia
623 1188 674 1223 (c.)
695 1186 805 1216 ibidem
821 1185 839 1216 l.
854 1196 878 1216 c.
896 1186 949 1223 fol.
965 1189 1008 1223 7¹,
1032 1187 1087 1218 ubi
1110 1187 1259 1217 rubrum:
1283 1187 1335 1218 Ad
1353 1186 1523 1218 duodecim
1540 1186 1571 1217 S.
1588 1186 1722 1217 Miniati.
1750 1204 1791 1207 —
1814 1185 1912 1217 Dedit
1935 1185 2051 1216 Ficker

397 1239 452 1270 Le.
471 1250 507 1277 1).
526 1239 589 1268 117
612 1248 660 1268 nr.
677 1239 740 1268 216
764 1248 800 1267 cnr
826 1247 851 1268 c.
898 1238 977 1269 Item
1001 1239 1179 1277 repetimus.

506 1324 650 1354 Dominis
675 1322 844 1353 duodecim
870 1322 902 1353 S.
919 1323 1051 1354 Miniati.

505 1375 628 1405 Scimus
653 1384 727 1405 vere
753 1373 838 1414 quod
863 1374 971 1405 Pisani
997 1378 1028 1405 et
1053 1375 1170 1405 inimici
1196 1375 1292 1404 vestri
1317 1377 1349 1405 et
1372 1375 1471 1405 nostri
1496 1375 1692 1405 cavalcatam
1722 1374 1823 1415 pridie
1852 1384 1910 1415 per
1937 1377 2050 1415 gentes

397 1426 517 1457 domini
534 1426 732 1457 Beltramoni
757 1430 788 1455 et
812 1428 934 1456 vestras
957 1425 1075 1456 factam
1100 1429 1188 1456 tanto
1215 1430 1360 1466 tempore
1386 1426 1613 1466 presciverunt7
1639 1425 1724 1466 quod
1747 1426 1773 1456 si
1796 1425 1913 1456 milites
1933 1425 2052 1456 Bavari

398 1488 455 1508 sua
479 1477 638 1517 stipendia
663 1477 868 1517 recepissent,
894 1476 979 1517 quod
997 1480 1109 1517 gentes
1133 1478 1218 1517 ipsas
1243 1487 1339 1517 super
1355 1476 1472 1507 Pisano
1491 1477 1648 1507 territorio
1666 1476 1868 1507 invenissent.
1914 1476 1955 1507 Et
1978 1477 2053 1507 licet

398 1539 526 1569 semper
552 1528 591 1558 sit
615 1529 645 1558 in
670 1528 808 1558 Domino
834 1528 1072 1566 confidendum,
1098 1527 1211 1558 dubius
1236 1530 1343 1559 tamen
1368 1538 1496 1568 semper
1524 1527 1599 1558 belli
1627 1530 1794 1568 reputatur
1823 1530 1964 1558 eventus.
2011 1527 2052 1558 Et

398 1580 482 1620 quod
509 1590 633 1610 exnunc
650 1579 732 1609 Pisis¹
758 1579 881 1618 dicitur,
907 1579 993 1620 quod
1016 1579 1084 1610 fieri
1110 1579 1207 1610 debet
1230 1579 1291 1610 111111
1318 1579 1491 1610 eavaleatn.
1538 1579 1579 1609 Et
1602 1578 1675 1609 ideo
1693 1578 1894 1619 prudentiam
1912 1582 2051 1609 vestram

398 1631 587 1672 requirimus
612 1634 643 1661 et
660 1641 809 1671 rogamus
830 1634 963 1667 attente,
989 1633 1145 1670 quatenus
1170 1630 1229 1661 hec
1254 1634 1329 1661 nota
1354 1634 1385 1661 et
1410 1630 1538 1661 domino
1556 1630 1764 1661 Beltramono
1789 1633 1821 1661 et
1844 1633 1928 1661 terre
1946 1633 2051 1661 vestre

399 1683 556 1722 capitibus
582 1683 714 1713 faciatis.
762 1681 803 1712 Et
827 1693 883 1722 pro
909 1683 1031 1712 meliori
1058 1683 1229 1722 elegimus,
1255 1683 1334 1712 sicut
1358 1682 1540 1722 scripsimus
1565 1681 1694 1713 domino
1719 1682 1941 1721 BeltramonQ
1967 1681 2051 1722 quod

398 1743 417 1763 a
439 1734 609 1764 cavalcatis
634 1733 745 1763 fiendis
771 1733 942 1764 desistatur
959 1733 999 1764 ad
1025 1744 1165 1774 presens,
1191 1724 1306 1764 efhoc
1331 1744 1388 1774 per
1406 1744 1460 1764 vos
1485 1737 1517 1764 et
1534 1737 1655 1764 vestros
1679 1734 1842 1764 observari
1860 1732 2052 1764 consulimus

399 1788 431 1815 et
456 1795 616 1825 rogellius,
641 1795 806 1825 quousque
832 1785 922 1815 vobis
947 1785 1033 1815 aliud
1059 1785 1263 1816 rescribatur.
1309 1784 1351 1815 Et
1375 1795 1435 1825 per
1460 1786 1577 1825 scripta
1602 1784 1693 1815 nobis
1716 1784 1856 1823 videtur,
1882 1783 1968 1824 quod
1992 1783 2051 1814 hec

398 1840 430 1867 et
454 1837 517 1866 alia
541 1837 680 1867 sciantur
703 1836 916 1867 referentibus
942 1837 1122 1867 hominibus
1149 1836 1188 1867 ‹le
1212 1836 1389 1875 Bucciano,
1420 1836 1473 1877 qui
1497 1835 1649 1866 Gibellini
1674 1845 1742 1866 esse
1768 1835 1927 1869 dicuntur,
1958 1839 1989 1866 et
2013 1845 2051 1865 ea
2071 1846 2080 1864 3

398 1887 577 1917 hominibus
602 1887 641 1917 de
667 1888 794 1918 I'ularia
819 1888 973 1919 nuntiare.

505 1938 589 1969 Data
616 1939 787 1969 Florentie.
814 1939 864 1969 die
889 1940 997 1970 XXII.
1016 1940 1095 1977 Ian„
1120 1939 1195 1970 XII.
1216 1939 1278 1969 ind.

624 2061 708 2096 541.
750 2062 902 2097 Litterae
932 2063 979 2095 ad
1007 2062 1150 2106 [effatum
1182 2062 1397 2106 apostolicum
1429 2061 1566 2096 alterae.
1672 2061 1818 2095 Festa.

511 2134 605 2173 Copia
625 2137 673 2167 (0.1
702 2135 809 2166 ibe'dcm
836 2135 855 2166 l.
873 2146 897 2166 c.
918 2135 973 2175 fol.
993 2137 1041 2172 13,
1066 2136 1286 2168 ubl',7'?tl1)‘a))l.'
1309 2136 1361 2167 Ad
1379 2135 1541 2166 dominum
1566 2135 1597 2165 in
1613 2134 1809 2166 Lombardia
1833 2134 1985 2175 legatum.
2010 2154 2049 2156 —

400 2186 497 2218 Dedit
520 2186 635 2216 Fiekor
659 2186 677 2216 l.
696 2197 719 2216 c.
738 2197 772 2225 2).
791 2188 853 2216 113
875 2187 1002 2217 2221221
1027 2198 1064 2218 ea)
1089 2198 1113 2217 c.
1162 2188 1240 2218 Item
1264 2188 1440 2227 repetimus.

506 2271 644 2302 Domino
670 2272 699 2301 in
724 2272 921 2302 Lombardia
945 2272 1062 2313 legato.

506 2323 556 2353 De
592 2323 850 2363 pcrsuasionilms
881 2327 912 2354 et
941 2324 1157 2355 oblationibus
1189 2325 1280 2355 nobis
1312 2325 1404 2355 factis
1436 2335 1492 2365 pro
1527 2328 1617 2365 parte
1650 2324 1706 2354 viri
1737 2323 1898 2363 magnifici
1931 2322 2050 2353 domini

400 2373 582 2414 Raymundi
611 2373 650 2404 de
675 2373 819 2404 Vallibus
844 2386 862 2405 a
887 2376 1078 2415 paternitate
1104 2380 1209 2407 vestra
1233 2386 1361 2407 causam
1386 2375 1503 2406 habitis
1527 2380 1558 2406 et
1582 2379 1703 2406 motum
1728 2378 1759 2406 et
1784 2374 1823 2405 de
1847 2373 1995 2404 fidelibus
2020 2377 2052 2404 et

400 2426 587 2466 gratissimis
612 2425 702 2455 nobis
727 2426 872 2457 servitiis.
899 2437 959 2466 que
986 2437 1044 2467 per
1067 2428 1171 2468 ipsum
1197 2431 1228 2458 et
1252 2431 1363 2468 gentes
1380 2430 1502 2458 vestras
1526 2427 1617 2457 nobis
1641 2427 1788 2457 continue
1812 2425 2049 2466 impenduntur,

400 2476 583 2517 paternitati
610 2478 641 2506 ct
665 2475 874 2507 dominationi
891 2480 995 2508 vestre
1021 2478 1061 2508 ad
1086 2479 1259 2519 gratiarum
1284 2479 1427 2509 actiones
1452 2478 1653 2519 adsurgimus
1677 2480 1811 2518 quantas
1827 2486 1995 2517 possumus
2019 2479 2051 2507 et

401 2527 565 2558 debemus.
612 2526 652 2557 Et
682 2532 715 2558 ut
744 2528 849 2558 omnia
882 2539 944 2568 que
973 2529 1062 2559 nobis
1084 2530 1250 2560 imminent
1274 2533 1308 2560 ut
1332 2529 1435 2570 capud
1459 2533 1568 2560 sancte
1592 2529 1702 2559 matris
1731 2528 1868 2559 ecclesie
1896 2527 2050 2566 sentiatis,

400 2579 568 2609 referimus
593 2579 682 2609 vobis
707 2580 921 2619 presentibus,
951 2580 1036 2620 quod
1061 2591 1135 2611 vere
1166 2581 1321 2612 habemus
1354 2581 1440 2621 quod
1472 2581 1662 2621 dampnatus
1686 2581 1829 2610 Bavarus
1853 2582 1886 2609 et
1909 2578 1969 2608 sibi
1993 2578 2050 2608 ad-

400 2630 550 2661 herentes
574 2634 796 2670 persecutores
821 2631 955 2661 ecclesie
981 2631 1087 2662 hostes
1112 2633 1210 2663 nostri
1233 2644 1307 2663 suos
1332 2633 1476 2664 fecerunt
1492 2636 1666 2673 apparatus
1691 2635 1722 2662 et
1746 2632 1777 2661 in
1800 2633 1890 2661 motu
1914 2632 1994 2664 sunt,
2019 2632 2052 2659 ut

401 2682 521 2711 utinam
555 2680 613 2710 sub
650 2682 755 2711 omine
784 2681 902 2712 infelici
936 2686 1044 2713 contra
1078 2694 1136 2713 nos
1165 2688 1196 2714 ct
1225 2684 1338 2714 fratres
1371 2687 1495 2714 nostros
1524 2684 1654 2714 veniant
1683 2684 1749 2714 sine
1780 2692 1869 2713 mora
1895 2682 2052 2722 presentis

401 2732 554 2772 temporis
580 2732 768 2772 intemperie
794 2733 988 2773 quiescente,
1021 2738 1052 2764 ct
1076 2734 1162 2774 quod
1188 2735 1277 2765 nobis
1302 2745 1363 2765 non
1389 2739 1435 2765 est
1460 2746 1516 2765 nos
1541 2738 1572 2765 et
1596 2735 1681 2775 ipsos
1706 2734 1819 2764 fratres
1844 2732 2048 2767 defendendi,

2071 689 2094 708 10

2071 944 2095 963 1⁵

2070 1334 2096 1353 20

2071 1589 2095 1608 25

2069 2204 2094 2223 ³5

2069 2487 2094 2505 40

2069 2744 2094 2762 45
