2205 3025
483 124 578 150 ACTA
599 125 710 151 REGNI
731 125 913 152 LUDEWICI
934 127 979 152 IV.
1000 127 1044 153 ET
1066 127 1248 154 FRIDERICI
1268 128 1315 153 III.
1354 129 1427 154 1329.
1465 128 1512 154 Nr.
1526 129 1584 154 574.
1793 133 1855 162 475

477 247 550 281 574.
586 246 856 282 LITTERAE
881 245 1158 285 (FERRARII
1186 249 1257 283 DE
1281 246 1481 286 APILIA)
1506 251 1580 285 AI)

761 302 955 338 REGEM
981 302 1295 339 ARAGONUM.

859 371 1002 414 (1329.)
1038 372 1126 415 Apr.
1154 373 1209 407 15.

318 449 476 489 Oriqinale
493 450 563 491 (or.)
591 451 623 481 in
646 451 801 481 tabulario
822 453 904 491 ‘restio
923 453 1151 484 Bareinonensi
1170 453 1262 484 GRD
1278 454 1405 491 Alfonsi
1427 466 1476 486 nr.
1489 457 1583 486 52:282.
1608 475 1648 478 —
1673 457 1734 488 Ed.
1751 457 1854 488 Finloe

178 516 188 534 5
211 503 302 533 ‘Acta
325 502 557 541 Arayonensia’
581 501 608 539 I,
625 502 687 532 444
710 513 758 532 nr.
775 502 839 533 297
862 514 900 533 ea:
924 514 967 534 or.
1015 504 1193 535 Eclitimzem
1216 506 1392 544 repetimus.

321 561 370 592 Dc
394 564 526 600 tempore
549 562 589 599 ef.
606 564 710 593 notam
736 563 823 601 apud
846 563 949 593 Finke
972 563 990 594 Z.
1009 574 1032 594 c.
1052 574 1085 602 2).
1103 566 1165 594 446
1188 565 1351 596 adiectam..

316 640 341 668 1.
377 637 507 668 Pridem
536 638 727 668 venerabilis
756 641 848 678 pater
875 639 1020 670 dominus
1049 640 1293 671 Ildebrandinus
1320 642 1490 682 episcopus
1520 642 1692 673 Paduanus
1721 643 1855 675 devotus

206 692 311 719 vester
335 692 367 720 et
383 692 488 720 vestre
513 690 600 730 regie
625 689 738 719 domus
762 693 794 719 et
817 691 968 730 precipue
995 715 1025 721 ,1
1050 691 1169 721 domini
1198 692 1428 733 archiepiscopi
1460 695 1602 733 germani
1624 695 1719 724 vestri
1731 696 1750 730 ¹,
1782 706 1853 726 cum

207 744 276 770 erat
300 750 407 771 coram
432 765 437 770 .
458 765 463 770 .
488 739 616 771 domino
641 751 763 770 summo
788 741 953 781 pontifice,
977 741 1098 771 audivit
1128 741 1167 772 ab
1192 753 1230 772 eo
1256 743 1340 783 quod
1366 744 1497 784 quidam
1522 745 1620 775 nuntii
1645 745 1761 776 Bavari
1785 747 1852 777 ive-

164 804 187 823 10
207 794 279 821 runt
302 791 333 821 in
357 790 497 821 Siciliam
522 791 563 822 ad
588 791 751 822 dominum
776 802 885 832 regem
910 791 1116 822 Frederieum
1142 817 1172 822 1.
1197 793 1237 823 ab
1263 804 1300 824 eo
1326 796 1544 834 pecuniarium
1574 800 1605 825 et
1633 796 1754 837 grande
1778 797 1852 827 sub-

207 842 321 872 sidium
349 843 560 883 requirentes,
592 843 660 883 ipse
691 846 799 873 autem
833 853 889 873 rex
918 843 1108 874 Fredericus
1137 845 1302 884 requisivit
1333 847 1506 876 societates
1536 846 1792 878 Florentinorum
1822 848 1853 878 in

207 892 325 933 Sycilia
349 897 592 929 commorantes,
617 893 702 934 quod
726 898 908 924 mutuarent
932 894 1037 925 eidem
1063 896 1246 936 octuaginta
1270 896 1357 926 milia
1374 897 1440 926 flor.
1460 897 1584 937 prefato
1602 897 1726 928 Bavaro
1752 902 1852 929 trans—

205 944 370 976 mittenda.
428 943 606 975 Societates
637 955 712 975 vero
748 944 885 975 finaliter
916 946 1163 986 responderunt.
1200 946 1283 986 quod
1315 950 1434 977 tantam
1472 948 1575 978 cidem
1611 952 1756 979 mutuare
1790 960 1853 980 non

205 997 602 1036 poterantquantitatem.
649 995 690 1026 Et
714 1000 786 1026 tunc
815 996 960 1026 (lominus
989 1006 1045 1026 rex
1070 996 1284 1036 F(redericus)
1315 998 1480 1038 respondit
1509 1000 1624 1028 nuntiis
1654 999 1852 1040 supradietis,

163 1062 185 1080 15
205 1047 440 1088 quod‘prefato
464 1047 590 1078 Bavaro
615 1047 654 1077 de
684 1048 818 1088 pecunia
850 1058 911 1078 non
940 1052 1067 1088 poterat
1090 1048 1258 1078 subvenire
1289 1059 1347 1079 nec
1378 1049 1474 1079 etiam
1504 1050 1532 1079 in
1566 1051 1633 1080 eius
1664 1050 1853 1091 obsequium

206 1109 263 1140 pro
295 1099 472 1129 imminenti
501 1102 602 1129 estate
634 1109 758 1129 armare
790 1099 909 1139 galeas.
970 1099 1060 1128 Dixit
1088 1100 1184 1129 etiam
1216 1100 1361 1139 prefatus
1393 1100 1539 1130 dominus
1569 1104 1674 1131 noster
1703 1102 1853 1142 episcopo

204 1151 397 1191 supradicto,
421 1149 507 1191 quod
531 1150 611 1180 hanc
636 1151 875 1190 responsionem
900 1149 1020 1180 fecerat
1045 1151 1187 1190 prefatus
1205 1151 1350 1180 dominus
1374 1161 1440 1185 rex,
1466 1162 1522 1191 pro
1547 1162 1584 1181 eo
1610 1152 1695 1192 quod
1711 1163 1767 1183 vos
1790 1155 1853 1194 sig-

204 1202 418 1232 nificaveratis
441 1211 498 1242 per
521 1202 647 1231 nuntios
672 1204 794 1231 vestros
819 1200 923 1231 eidem
949 1201 1027 1241 regi,
1052 1201 1137 1241 quod
1161 1201 1200 1231 ab
1226 1202 1309 1232 omni
1336 1202 1445 1232 favore
1470 1206 1502 1232 et
1526 1203 1664 1233 subsidio
1683 1205 1853 1244 prestando

207 1253 312 1284 eidem
330 1253 466 1292 Bavare,
491 1253 543 1293 qui
568 1256 636 1283 erat
659 1252 758 1283 hostis
783 1253 917 1283 ecclesie
943 1256 973 1282 et
990 1252 1139 1293 gravibus
1157 1254 1322 1283 sententiis
1340 1254 1491 1292 irretitus7
1518 1254 1692 1285 abstineret
1716 1256 1853 1292 0111111110,

163 1318 188 1336 20
207 1307 239 1335 et
263 1304 348 1345 quod
371 1304 551 1334 nullatenus
574 1314 608 1334 se
632 1307 742 1334 contra
766 1303 935 1334 ecclesiam
959 1304 1116 1334 inveniret
1140 1304 1290 1345 quodque
1315 1305 1340 1334 si
1359 1314 1450 1335 secus
1467 1306 1598 1344 faceret,
1623 1316 1678 1335 vos
1694 1317 1853 1347 nunquam

205 1357 341 1396 possetis
368 1356 473 1386 eidem
498 1356 618 1386 auxilia
642 1359 747 1386 vestra
771 1355 945 1396 prestar02.
998 1355 1038 1386 Et
1066 1356 1150 1396 quod
1180 1360 1311 1396 propter
1339 1366 1504 1397 guerram,
1534 1367 1629 1397 quam
1658 1357 1755 1387 habet
1784 1368 1854 1388 00111

206 1407 334 1438 domino
359 1417 435 1448 rege
453 1407 605 1441 Roborto,
631 1409 698 1448 ipse
722 1418 784 1438 non
802 1407 978 1438 dimitteret
1002 1408 1205 1448 acquiescere
1231 1407 1488 1448 requisitionibus
1512 1409 1625 1438 vestris
1649 1412 1681 1439 ct
1705 1410 1854 1449 quoniam

206 1459 410 1499 recipiebatis
434 1469 529 1499 super
551 1469 608 1489 vos
632 1458 671 1489 de
696 1469 811 1499 guerra
840 1459 894 1488 illa
924 1459 1028 1489 eidem
1058 1468 1170 1499 pacem
1201 1463 1232 1489 et
1260 1458 1376 1490 bonam
1401 1460 1645 1489 eontracteriam
1675 1470 1853 1500 procurare.

206 1511 258 1541 Ad
283 1521 344 1551 que
368 1510 466 1540 verba
489 1510 654 1550 respondit
677 1511 846 1550 episcopus
870 1510 1087 1550 supradictus:
1111 1508 1223 1540 ‘Pater
1245 1514 1365 1547 sancte,
1390 1511 1473 1542 bene
1500 1510 1637 1541 ostendit
1661 1512 1690 1540 111
1715 1511 1773 1541 1100
1798 1522 1854 1541 rex

163 1574 186 1592 25
205 1563 403 1603 Alagonum,
428 1561 513 1602 quod
539 1564 587 1591 est
610 1561 834 1592 devotissimus
859 1561 993 1592 ecclesie.
1019 1565 1051 1591 et
1075 1561 1163 1591 vobis
1187 1572 1244 1592 nec
1271 1566 1318 1592 est
1342 1572 1397 1592 rex
1423 1562 1475 1602 qui
1500 1563 1528 1591 111
1554 1562 1613 1592 1100
1638 1563 1767 1602 negotio
1785 1562 1854 1603 plus

205 1613 311 1643 fac-ere
335 1613 505 1654 potuisset.
530 1618 561 1643 et
589 1613 722 1643 multum
753 1616 845 1653 pater
868 1616 976 1643 sancte
1005 1612 1129 1643 debetis
1154 1613 1213 1643 hoc
1243 1613 1364 1643 habere
1393 1616 1527 1653 gratum.
1574 1613 1655 1643 Nam
1681 1613 1853 1644 subtractio

206 1665 315 1695 auxilii
339 1665 423 1705 regis
446 1663 609 1695 Frederici
638 1665 790 1705 precipue
815 1664 988 1695 confundet
1016 1664 1139 1694 hostem
1165 1668 1304 1694 vestrum
1337 1668 1369 1694 et
1398 1665 1538 1695 elevabit
1561 1664 1672 1694 fideles
1697 1664 1854 1695 evoles-ie?

204 1716 245 1746 Et
269 1715 414 1746 dominus
439 1718 546 1745 noster
569 1715 730 1756 predictus
754 1716 901 1746 asseruit.
933 1715 1019 1756 quod
1043 1716 1087 1745 ita
1112 1719 1193 1748 erat.
1224 1715 1263 1745 de
1289 1716 1371 1746 bona
1396 1720 1427 1746 et
1459 1716 1521 1745 leta
1546 1715 1636 1745 facie.
1690 1715 1729 1745 Et
1752 1717 1852 1746 multa

207 1768 290 1797 circa
313 1766 459 1807 predicta
483 1766 610 1797 fuerunt
634 1767 718 1797 dicta
743 1767 896 1797 honorem
921 1771 1059 1797 vestrum
1086 1767 1259 1807 tangentia,
1284 1777 1344 1807 que
1370 1771 1453 1797 esset
1477 1767 1605 1807 longum
1631 1770 1787 1806 repetere.

164 1830 188 1849 30
316 1819 343 1848 2.
380 1817 511 1848 Noverit
540 1818 635 1848 etiam
665 1819 836 1849 clementia
860 1821 979 1851 vestra,
1009 1817 1093 1858 quod
1125 1829 1224 1858 nepos
1253 1819 1393 1858 episcopi
1423 1817 1608 1858 supradicth
1639 1819 1689 1858 qui
1722 1821 1852 1848 vocatur

207 1869 352 1900 dominus
376 1869 495 1900 Paulus
519 1869 559 1900 (10
585 1870 724 1907 00111110,
757 1871 786 1899 111
812 1869 953 1909 partibus
977 1869 1130 1899 Romanis
1160 1874 1191 1899 et
1216 1869 1387 1909 Campanis
1416 1868 1654 1909 presencialiter
1684 1869 1851 1909 magnifice

205 1921 301 1951 servit
332 1924 364 1951 et
392 1921 511 1950 servire
539 1924 647 1961 potest
675 1921 803 1951 (10111100
832 1924 939 1950 nostro
973 1920 1133 1961 predicto,
1166 1921 1299 1951 ecclesie
1333 1924 1365 1950 et
1393 1921 1461 1961 regi
1490 1920 1647 1956 Roberto,
1683 1921 1769 1950 cuius
1805 1923 1854 1950 est

206 1972 375 2012 precipuus
405 1971 552 2006 devotus,
582 1976 613 2003 et
641 1975 813 2012 propterea
842 1972 987 2002 dominus
1015 1975 1124 2002 noster
1152 1972 1312 2012 predictus
1344 1971 1483 2002 eundem
1508 1972 1691 2011 episcopum
1717 1971 1853 2002 libenter

205 2023 293 2054 audit
317 2026 349 2053 et
372 2023 498 2054 videtur
522 2023 560 2054 de
584 2024 653 2064 ipso
679 2023 849 2054 confidere.
896 2023 969 2063 Ipse
995 2033 1122 2063 quoque
1147 2024 1226 2053 sicut
1241 2034 1333 2053 verus
1350 2024 1468 2053 amicus
1485 2023 1632 2063 loquums
1648 2022 1707 2052 fuit
1724 2022 1851 2053 domino

162 2085 185 2103 35
205 2078 311 2105 nostro
337 2076 481 2115 spaciose
506 2079 538 2105 et
561 2075 735 2105 efficaciter
752 2085 808 2115 pro
826 2075 910 2105 felici
936 2078 968 2105 et
984 2078 1076 2115 grata
1093 2074 1298 2115 expeditione
1322 2075 1443 2115 negotii
1467 2075 1539 2104 mei.
1587 2073 1654 2104 Nec
1678 2074 1742 2103 scio
1768 2074 1852 2113 quod

205 2125 309 2156 adhuc
337 2125 451 2166 aliquis
478 2126 573 2156 fuerit
604 2137 660 2166 pro
692 2126 776 2156 dicto
805 2127 934 2167 negotio
966 2126 1128 2156 efficacius
1156 2127 1306 2166 loquutus
1340 2129 1371 2155 et
1400 2125 1510 2155 habuit
1538 2125 1613 2155 satis
1641 2125 1792 2155 curialem
1821 2128 1853 2154 et

205 2180 328 2217 gratam
362 2178 614 2218 responsionem.
670 2177 761 2208 Dixit
789 2178 873 2208 enim
907 2177 1011 2208 eidem
1045 2177 1191 2207 dominus
1220 2181 1342 2215 noster,
1378 2177 1462 2218 quod
1494 2187 1554 2206 non
1588 2175 1773 2206 intendebat
1800 2186 1851 2206 me

205 2228 365 2259 dimittere
389 2229 419 2258 in
444 2229 504 2259 isto
529 2232 627 2262 statu,
652 2232 701 2259 set
724 2228 911 2259 intendebat
935 2239 986 2259 me
1011 2229 1176 2259 consolari.
1222 2228 1264 2258 Et
1290 2238 1407 2268 nuper,
1441 2227 1568 2268 quando
1597 2227 1724 2257 fuerunt
1754 2227 1851 2257 verba

206 2280 370 2320 premissa,
394 2281 563 2320 episcopus
586 2281 654 2321 ipse
679 2280 843 2311 ortabatur
867 2290 954 2319 00111,
980 2279 1064 2319 quod
1088 2280 1170 2310 inter
1193 2279 1336 2320 prefatos
1362 2279 1508 2309 dominos
1532 2288 1625 2319 reges
1649 2277 1849 2307 concordiam

161 2340 186 2358 40
206 2334 400 2370 procuraret,
426 2334 457 2361 et
481 2332 511 2361 in
536 2331 678 2361 favorem
700 2341 805 2361 meum
823 2330 995 2365 subiunxit,
1021 2330 1105 2371 quod
1123 2330 1249 2370 quando
1267 2330 1325 2360 sibi
1343 2330 1496 2370 placeret,
1522 2340 1581 2369 ego
1607 2328 1786 2358 laborarem
1810 2327 1850 2357 ad

205 2382 274 2412 hoc.
314 2381 460 2423 Cumque
478 2382 623 2412 dominus
640 2386 748 2413 noster
765 2382 885 2412 diceret
905 2382 947 2412 ei:
972 2381 1129 2412 ‘Videatis
1154 2382 1179 2411 si
1202 2391 1369 2422 possemus
1392 2380 1553 2411 confidere
1577 2380 1616 2410 de
1641 2378 1766 2409 eodem'
1782 2380 1849 2418 ipse.

205 2433 384 2473 respondit:
416 2433 531 2473 ‘Super
555 2457 561 2463 .
581 2439 607 2464 ‚²
631 2435 684 2468 sit,
709 2433 794 2474 quod
819 2433 858 2463 de
882 2433 951 2473 ipso
975 2433 1108 2473 potestis
1132 2433 1227 2473 plene
1252 2432 1427 2469 confidere,
1461 2432 1542 2461 sicut
1567 2431 1605 2460 de
1635 2430 1718 2460 fideli
1745 2434 1848 2459 vestro

205 2487 237 2514 et
253 2483 391 2523 homine,
416 2485 469 2525 qui
490 2484 619 2515 affectat
640 2484 726 2515 illam
749 2483 974 2514 concordiam.)
1014 2483 1107 2518 Quod
1125 2484 1340 2514 testimonium
1360 2493 1421 2523 ego
1440 2486 1551 2523 reputo
1570 2482 1663 2512 11110111
1681 2481 1756 2510 satis
1773 2479 1849 2509 utile

205 2539 237 2566 et
260 2546 368 2576 spero,
394 2535 479 2576 quod
502 2535 664 2566 mediante
689 2535 840 2575 suffragio
866 2539 970 2565 vestro
995 2535 1164 2575 negocium
1188 2545 1295 2564 meum
1321 2533 1453 2564 habebit
1477 2533 1593 2563 bonum
1618 2532 1711 2561 finem
1737 2555 1742 2560 .
1762 2555 1767 2560 .

160 2595 185 2613 45
311 2587 384 2617 Dat.
409 2587 577 2623 Δ0011110110,
602 2586 673 2617 XV.
688 2586 816 2627 Aprilis.

306 2676 371 2702 574.
399 2678 422 2708 ³)
441 2677 508 2701 deest
528 2677 631 2701 verbum
650 2685 686 2701 or.

307 2736 331 2764 1)
352 2735 485 2761 Iohannes
503 2735 617 2767 archiep.
633 2736 780 2761 Toletanus.
870 2736 895 2765 2)
917 2735 957 2766 Cf.
977 2742 1060 2766 snpra
1079 2742 1120 2759 ur.
1134 2737 1190 2759 470.

1590 2772 1640 2797 ⁸30*
