2205 3025
173 515 183 533 5

160 803 185 820 10

158 1059 182 1078 15

157 1316 182 1334 20

156 1572 180 1591 25

155 1830 178 1848 30

154 2345 178 2363 40

153 2601 178 2619 45

651 127 746 154 ACTA
767 128 879 154 REGNI
899 128 1084 155 LUDEWICI
1104 129 1150 155 1V.
1188 129 1262 156 1330.
1299 130 1348 156 Nr.
1362 130 1419 156 727.
1797 135 1858 166 619

242 259 326 294 7027.
369 259 539 295 Statuam
569 264 684 296 contra
712 261 848 296 clericos
874 262 1022 296 Iohanni
1049 261 1177 296 XXII.
1200 273 1318 306 papae
1346 263 1578 299 adhaerentes.
1688 266 1774 310 ΔΔῃν.
1791 267 1823 300 3.

317 333 477 374 Ονὶῃίηαῖε
500 334 574 375 (01.)
599 334 718 367 ibidem.
772 335 971 366 Contalz‘mns
994 345 1058 367 nos.
1109 335 1228 367 Pendet
1250 336 1388 376 siglillemz
1412 338 1477 374 fere
1503 337 1643 370 illaesum
1667 339 1731 378 filis
1754 341 1863 372 sericis

205 385 292 417 rabel
324 386 462 425 flavique
496 386 617 417 coloris.
658 405 698 408 —
737 386 799 417 Ed.
836 387 868 418 C.
894 387 1013 418 Me‘tller
1047 387 1124 418 ‘Der
1155 388 1284 427 Kamstf
1314 388 1463 428 Ladwiys
1497 390 1549 420 ‹ch
1581 390 1714 422 Baiorn’
1741 392 1770 429 I,
1799 394 1861 424 355

204 447 252 468 nr.
267 438 289 468 :2
311 447 348 469 esc
372 448 416 468 or.

314 497 466 534 Bolmoer,
502 497 576 537 Req.
607 498 716 529 Ludw.
747 509 778 537 p.
800 499 839 529 69
870 507 917 528 nr.
944 500 1043 536 110&
1073 499 1147 538 Ray.
1177 510 1223 538 ep.
1259 500 1421 531 Constant.
1456 511 1502 532 nr.
1527 503 1629 540 4213:
1663 502 1760 535 Diem
1794 505 1813 536 l.
1835 514 1859 536 c.

203 549 231 586 I,
249 549 312 579 292
335 559 383 580 ur.
402 550 472 579 596.

314 609 361 646 Cf.
379 610 472 640 ctiam
498 609 584 649 infra
610 620 656 640 ην.
677 611 746 640 777.

309 686 502 717 Ludowicus
525 686 587 718 Dei
615 687 723 727 gracia
750 686 969 717 Romanorum
997 687 1171 728 imperator
1201 699 1329 729 semper
1356 694 1508 731 augustus
1596 692 1754 723 universis
1778 695 1858 724 sacri

201 738 339 769 Romani
363 738 488 778 imperii
512 738 659 768 fidelibus
746 739 888 779 graciam
912 749 1001 768 suam
1027 742 1058 769 et
1083 749 1177 770 omne
1201 739 1329 770 bonum.

314 792 339 820 1.
377 790 459 826 Quia
483 790 624 820 nonnulli
655 790 761 820 clerici
789 793 854 820 tam
883 791 1044 821 seculares
1074 801 1169 832 quam
1193 791 1335 832 religiosi
1366 796 1397 823 et
1422 793 1622 833 quorundam
1648 794 1857 826 claustrorum

203 841 462 872 sanctimoniales
486 841 672 871 oberrantes
697 846 728 872 et
750 840 861 872 Iacobi
885 840 924 871 de
950 840 1086 872 Caturco
1112 841 1192 872 falso
1219 853 1252 873 se
1277 853 1395 884 papam
1420 845 1611 875 nominantis
1635 856 1693 886 per
1717 851 1857 877 nostram

203 893 318 923 iustam
350 892 548 923 diffinitivam
578 892 774 922 sentenciam
807 892 847 923 de
880 892 985 924 heresi
1013 893 1238 934 condempnati
1271 898 1302 925 et
1334 905 1352 925 a
1383 900 1504 937 papatu
1533 897 1675 928 destituti
1688 899 1708 930 ¹.
1742 899 1857 940 iniquis

202 943 404 984 processibus
438 954 496 984 per
530 943 667 974 eundem
697 943 850 974 Iacobum
885 943 1063 975 hereticum
1098 949 1207 976 contra
1237 957 1295 976 nos
1326 947 1356 976 in
1389 958 1486 988 grave
1518 948 1745 980 detrimentum
1777 950 1856 981 sacri

200 995 339 1026 Romani
364 995 489 1035 imperii
512 995 662 1025 iniuriose
687 995 897 1036 promulgatis
920 996 1190 1036 obtemperantes,
1216 1007 1274 1027 1105
1291 1002 1322 1028 et
1346 998 1437 1029 nobis
1453 998 1646 1030 adherentes
1663 1004 1695 1030 et
1712 999 1857 1031 faventes

201 1057 258 1088 pro
284 1047 568 1077 excommunicatis
592 1049 741 1087 reputant
766 1049 798 1076 et
821 1046 861 1077 ob
886 1047 946 1077 hoc
970 1047 1001 1077 in
1025 1050 1132 1078 nostra
1156 1058 1193 1078 ac
1218 1052 1397 1079 nostrorum
1422 1050 1563 1080 fidelium
1588 1051 1680 1082 nobis
1697 1051 1855 1083 adheren-

203 1099 285 1129 cium
311 1101 342 1128 et
366 1097 545 1128 favencium
571 1096 784 1139 [presencia]a
807 1097 914 1129 divina
939 1098 1043 1129 officia
1068 1099 1232 1130 celebrare
1258 1104 1407 1130 recusant
1431 1104 1463 1131 et
1488 1104 1610 1133 temere
1636 1103 1857 1134 contradicunt

200 1150 232 1180 in
256 1150 354 1180 nostri
379 1152 411 1180 et
434 1150 516 1180 sacri
539 1149 677 1180 Romani
701 1149 827 1190 imperii
851 1160 981 1191 gravem
1006 1151 1152 1181 iniuriam
1185 1155 1216 1182 et
1247 1151 1417 1187 offensam,
1450 1157 1645 1194 quapropter
1675 1154 1855 1185 huiusmodi

200 1201 347 1232 iniuriam
365 1201 515 1232 ammodo
531 1201 662 1231 sufferre
680 1201 825 1232 nolentes
843 1201 989 1232 omnibus
1006 1205 1038 1233 ct
1055 1202 1185 1243 singulis
1203 1203 1345 1241 ducibus,
1372 1229 1376 1234 .
1396 1227 1402 1233 .
1428 1204 1674 1245 marchionibus,
1699 1229 1705 1235 .
1726 1230 1731 1236 .
1757 1207 1855 1236 comi-

201 1252 294 1285 tibus.
318 1253 482 1284 advocatis
497 1252 611 1283 nostris
636 1252 882 1293 provincialibus
905 1254 1091 1294 cunctisque
1116 1254 1185 1283 aliis
1210 1254 1421 1294 potestatibus
1438 1255 1635 1287 secularibus
1652 1260 1759 1287 nostro
1781 1257 1854 1288 sub-

200 1305 291 1336 iectis
320 1305 455 1345 imperio
486 1304 544 1335 sub
575 1304 683 1335 debito
708 1305 893 1338 iuramenti,
925 1316 987 1346 quo
1012 1305 1103 1336 nobis
1128 1310 1159 1336 et
1182 1306 1317 1346 imperio
1342 1307 1573 1348 astringuntum
1605 1309 1799 1349 precipimus
1824 1313 1855 1340 et

200 1356 398 1391 mandamus,
422 1360 457 1387 nt
480 1356 621 1397 ipsorum
645 1356 779 1397 quilibet
799 1356 882 1387 bona
899 1356 1114 1397 predictorum
1140 1358 1327 1388 clericorum
1352 1362 1383 1388 et
1407 1359 1695 1390 sanctimonialium
1721 1363 1753 1391 et
1777 1371 1854 1401 qua-

200 1418 395 1449 rumcunque
420 1408 553 1439 aliarum
578 1418 786 1448 personarum
812 1408 961 1449 predictis
986 1409 1099 1449 iniquis
1124 1409 1326 1450 processibus
1344 1409 1641 1450 obtemperancium
1666 1411 1798 1442 mobilia
1823 1416 1854 1443 et

199 1459 363 1490 inmobilia
393 1460 425 1489 iu
455 1470 511 1490 suo
543 1460 700 1490 territorio
732 1460 792 1490 sita
822 1470 878 1491 seu
903 1466 1030 1501 reperta
1054 1460 1244 1491 auctoritate
1269 1462 1428 1501 imperiali
1453 1467 1587 1503 occupet
1613 1466 1644 1493 et
1668 1463 1698 1493 in
1724 1463 1853 1494 feodum

199 1511 240 1542 ab
264 1512 399 1552 imperio
423 1514 540 1542 teneat.
586 1511 637 1542 De
662 1511 777 1552 quibus
801 1511 891 1542 bonis
914 1512 1017 1552 ipsum
1043 1516 1253 1553 occupantem
1280 1516 1443 1553 tamquam
1469 1513 1508 1544 de
1534 1514 1629 1544 feodo
1654 1514 1693 1544 ab
1718 1514 1852 1555 imperio

202 1562 416 1594 descendente
448 1562 650 1603 presentibus
680 1564 876 1594 investimus.
931 1562 1082 1594 Ceterum
1117 1564 1199 1594 bona
1234 1564 1451 1604 predictorum
1484 1565 1652 1596 rebellium
1684 1568 1716 1596 et
1746 1566 1853 1596 divina

199 1614 364 1645 celebrare
395 1614 615 1645 recusancium
645 1614 727 1645 infra
758 1614 916 1645 decimam
948 1616 1084 1645 civitatis
1108 1615 1299 1657 Eszelingen
1324 1620 1355 1646 et
1379 1616 1410 1645 in
1435 1616 1504 1657 ipsa
1528 1617 1656 1647 civitate
1681 1617 1741 1647 sita
1766 1628 1851 1648 com-

198 1665 346 1696 munibus
370 1665 477 1696 usibus
501 1666 598 1706 ipsius
621 1667 757 1696 civitatis
773 1668 964 1697 auctoritate
982 1667 1126 1707 predicta
1144 1666 1291 1697 duximus
1309 1667 1523 1707 deputanda&
1571 1667 1665 1702 Quod
1684 1668 1724 1698 ad
1742 1679 1852 1699 omnes

198 1717 277 1747 alias
308 1718 452 1748 civitates
483 1717 614 1748 extendi
644 1718 806 1751 volumus,
836 1717 987 1749 videlicet
1017 1722 1051 1748 ut
1082 1718 1166 1748 bona
1194 1719 1351 1758 ipsorum.
1384 1719 1437 1759 qui
1469 1718 1620 1759 predictis
1650 1719 1852 1759 processibus

198 1767 524 1809 obtemp[er]averint‚
550 1769 771 1799 communibus
794 1769 902 1799 usibus
926 1770 1065 1809 ipsarum
1091 1770 1265 1805 civitatum,
1291 1770 1321 1799 in
1345 1780 1478 1810 quarum
1504 1774 1574 1800 sunt
1599 1771 1657 1801 sita
1682 1771 1851 1807 territoriQ

198 1820 409 1860 applicentur,
435 1819 550 1860 quibus
574 1823 606 1851 et
629 1831 686 1851 nos
711 1821 902 1851 auctoritate
926 1821 1070 1861 predicta
1095 1831 1133 1851 ea
1157 1821 1359 1861 presentibus
1383 1821 1590 1862 applicamus.

307 1873 334 1901 2.
359 1871 494 1911 Insuper
511 1871 651 1902 districte
670 1872 861 1912 precipimus
879 1876 911 1902 et
927 1872 1115 1902 mandamus
1141 1897 1145 1902 .
1165 1896 1171 1901 .
1197 1872 1339 1910 ducibus,
1365 1897 1370 1902 .
1391 1897 1395 1902 .
1422 1872 1668 1912 marchionibus,
1694 1897 1700 1903 .
1720 1898 1725 1903 .
1752 1874 1849 1904 comi-

198 1922 283 1953 tibus
314 1926 346 1953 et
376 1923 445 1953 aliis
476 1923 690 1963 potestatibus
720 1923 924 1963 supradictis,
956 1926 989 1953 ut
1019 1924 1151 1954 clericos
1183 1927 1215 1954 et
1246 1924 1478 1954 ecclesiasticas
1508 1934 1661 1964 personas
1689 1924 1850 1965 predictos

199 1974 326 2014 capiant
349 1984 405 2004 seu
429 1974 499 2014 capi
524 1974 652 2013 faciant,
677 1984 755 2015 quos
772 1974 936 2014 perpetuis
953 1974 1133 2005 carceribus
1150 1974 1350 2006 decernimus
1366 1975 1605 2015 mancipandos.
1651 1975 1728 2006 Illas
1753 1977 1849 2006 etiam

198 2035 352 2065 personas
377 2028 441 2055 tam
465 2025 626 2056 seculares
651 2036 746 2066 quam
770 2026 945 2066 religiosas,
971 2037 1032 2067 que
1057 2027 1087 2056 in
1111 2031 1218 2057 nostra
1239 2027 1406 2067 presencia
1429 2037 1447 2057 a
1472 2027 1593 2063 divinis,
1620 2026 1694 2057 dum
1718 2027 1750 2057 in
1774 2028 1849 2057 civi-

169 2089 178 2104 π
199 2080 264 2106 tate
288 2080 397 2107 nostra
420 2076 611 2116 Eszelingen
635 2087 785 2115 essemus5
811 2088 844 2108 se
868 2077 1094 2108 subtraxerunt
1118 2082 1150 2109 et
1175 2078 1281 2109 divina
1305 2088 1413 2109 coram
1430 2077 1521 2108 nobis
1540 2078 1705 2109 celebrare
1723 2089 1850 2109 recusa-

197 2132 269 2158 runt
299 2127 350 2158 vel
381 2128 510 2158 inantea
540 2128 746 2167 recusabunt,
777 2128 817 2159 ab
848 2129 917 2170 ipsa
950 2129 1079 2160 civitate
1111 2134 1267 2171 perpetuo
1293 2130 1439 2160 volumus
1464 2130 1615 2170 relegam
1647 2130 1691 2160 sic
1715 2130 1801 2170 quod
1825 2131 1849 2160 si

199 2179 295 2209 ctiam
320 2179 360 2209 ad
386 2179 490 2209 divina
514 2179 642 2210 inantea
665 2190 699 2210 se
723 2180 875 2211 offerrent
899 2184 931 2211 et
955 2191 1062 2211 coram
1087 2181 1176 2211 uobis
1201 2181 1364 2212 celebrare
1386 2182 1489 2222 parati
1507 2184 1623 2219 essent,
1648 2181 1724 2221 ipsis
1741 2184 1849 2212 tamen

197 2230 335 2261 reditum
360 2230 401 2260 ad
425 2230 542 2261 dictam
560 2231 722 2262 civitatem
738 2235 895 2272 perpetuo
913 2232 1057 2272 precludi
1073 2233 1218 2263 volumus
1236 2236 1267 2264 et
1283 2233 1438 2263 iubemus.
1486 2232 1725 2263 Execucioncm
1742 2236 1849 2263 autem

198 2283 338 2312 omnium
356 2283 582 2322 premissorum
598 2283 758 2323 magistris
775 2283 890 2314 civium
908 2287 940 2314 et
957 2283 1136 2315 consulibus
1154 2285 1290 2315 civitatis
1308 2287 1414 2314 nostre
1431 2285 1462 2314 in
1476 2284 1646 2324 Eszelinga
1662 2284 1767 2324 quoad
1785 2284 1849 2315 cle-

199 2335 280 2364 ricos
300 2334 467 2374 religiosos
489 2338 520 2365 et
541 2334 702 2365 seculares
718 2335 749 2365 in
766 2335 835 2375 ipsa
852 2335 980 2366 civitate
1001 2340 1162 2367 morantes
1184 2339 1215 2367 et
1237 2337 1269 2366 in
1290 2337 1422 2377 singulis
1443 2336 1513 2366 aliis
1534 2336 1649 2366 nostris
1671 2339 1702 2365 et
1724 2335 1849 2376 imperii

196 2385 377 2416 civitatibus
401 2386 561 2426 magistris
579 2389 610 2416 et
627 2386 809 2417 consulibus
827 2387 1000 2418 earundem
1019 2388 1123 2429 quoad
1141 2388 1273 2419 clericos
1292 2388 1432 2428 ipsarum
1451 2387 1615 2418 civitatum
1633 2387 1848 2417 conmittimus

196 2440 229 2466 ot
253 2447 290 2467 ca
314 2436 371 2466 sub
396 2436 528 2467 obtentu
552 2442 657 2468 nostre
682 2439 789 2479 gracie
819 2449 876 2479 per
896 2439 983 2479 ipsos
1011 2440 1197 2470 execucioni
1225 2440 1321 2471 celeri
1348 2439 1494 2470 volumus
1519 2438 1715 2469 demandari.
1806 2438 1842 2467 Iu

197 2489 284 2518 cuius
308 2488 354 2518 rei
378 2489 593 2519 testimonium
617 2494 782 2530 presentes
799 2490 954 2521 conscribi
978 2494 1009 2521 et
1033 2494 1140 2522 nostre
1160 2492 1336 2522 maiestatis
1361 2491 1463 2531 sigillo
1489 2491 1636 2521 iussimus
1662 2488 1846 2520 communiri.

305 2539 425 2570 Datum
452 2540 485 2569 in
513 2539 698 2581 Eszelinga,
730 2540 810 2572 feria
840 2543 939 2573 tercia
968 2546 1040 2583 post
1071 2542 1155 2573 diem
1179 2542 1379 2581 Palmarum,
1412 2552 1493 2572 anno
1524 2541 1653 2572 Domini
1677 2539 1846 2570 millesimo

200 2591 423 2622 trecentesimo
448 2591 618 2625 tricesimo,
642 2593 733 2633 regni
756 2594 854 2623 nostri
878 2603 959 2624 anno
984 2594 1213 2634 sextodecimo,
1238 2595 1363 2635 imperii
1388 2604 1462 2624 vcro
1488 2593 1597 2624 tercio.

304 2683 368 2709 727.
397 2685 418 2713 ³)
439 2685 530 2710 erciclit
549 2695 585 2711 or.
674 2686 698 2717 b)
718 2688 869 2720 depudanda
888 2697 923 2712 or.

302 2744 327 2773 1)
348 2743 436 2776 Supra
457 2752 497 2770 nr.
512 2747 571 2770 437.
