2205 3025
160 667 172 686 5

144 974 169 992 10

144 1230 168 1248 15

145 1486 171 1505 20

147 1744 172 1762 25

149 1996 175 2014 30

153 2658 180 2675 40

592 146 689 172 ACTA
709 146 820 172 REGNI
840 145 1021 171 LUDEWICI
1041 144 1087 171 IV.
1126 145 1200 171 1330.
1237 144 1285 171 Nr.
1298 145 1356 171 691.
1376 144 1433 170 692.
1777 146 1835 176 591

314 305 562 350 691—694.
608 303 930 349 LITTERAE
959 302 1284 348 IOHANNIS
1314 303 1468 347 XXII.
1492 302 1709 347 PAPAE

730 370 1024 417 DIVERSIS
1053 369 1303 416 MISSAE.

775 450 882 485 1330.
925 449 1032 484 Febr.
1058 447 1241 483 13.—e7.

448 579 534 614 691.
576 579 728 613 Litterae
755 578 802 612 ad
828 577 998 611 cit-itatem
1026 576 1288 611 Anconitanum.
1402 575 1504 609 Febr.
1524 576 1579 609 13.

303 653 399 694 Copia
424 655 476 693 (c.)
501 654 536 684 in
560 653 760 692 Reyestorum
784 651 1007 682 Vaticmzoram
1030 650 1183 681 tabularii
1204 649 1351 680 l'aticam'
1374 651 1444 679 lom.
1462 649 1503 679 93
1529 659 1577 680 vr.
1595 649 1666 679 547.
1727 647 1842 679 Contu-

187 704 282 735 Zimus
316 714 382 735 nos.
421 723 462 727 —
498 705 559 735 Ed.
591 704 724 735 leez'ncr
754 703 870 735 ‘Codex
901 702 1024 741 diplom.
1061 701 1192 732 dominii
1224 699 1401 739 temporalis
1432 702 1559 731 sanetae
1590 699 1687 730 sedis'
1718 698 1751 735 I,
1781 699 1842 728 569

186 766 236 786 ην.
254 757 317 786 745
341 766 379 787 m·
403 767 428 787 c.

299 816 347 854 Cf.
371 815 665 855 PreyewReinlrcozs
688 814 750 845 Ioco
773 824 872 853 supra
895 813 938 844 ad
959 823 1007 844 nr.
1024 814 1046 843 2
1068 813 1162 843 citato
1181 823 1213 852 p.
1230 812 1294 841 292
1315 822 1364 841 ur.
1383 811 1442 841 521
1468 813 1495 841 et
1519 810 1590 842 522.

295 909 359 940 Dil.
384 910 426 941 fil.
451 909 613 940 communi
637 909 773 939 civitatis
797 908 996 938 Anconitane
1022 907 1156 937 ecclesie
1181 906 1328 936 Romane
1352 904 1509 935 fidelibus.

296 961 424 991 Pur-itas
449 960 630 991 devotionis
655 963 686 990 ct
710 959 794 993 fidei,
820 959 934 1000 quibus
959 969 1036 998 erga
1060 957 1241 988 Romanam
1266 956 1434 988 ecclesiam
1460 955 1642 997 prefulgere
1666 955 1841 990 noscimini,

186 1016 405 1053 promeretur,
430 1015 467 1042 ut
490 1012 604 1042 vestris
628 1010 850 1052 petitionibus,
875 1010 936 1040 illis
963 1010 1132 1050 presertim
1163 1019 1224 1050 que
1248 1011 1388 1039 vestrum
1420 1011 1452 1037 et
1482 1007 1618 1037 civitatis
1641 1006 1841 1036 Anconitane

186 1067 304 1094 statum
323 1067 519 1094 concernunt
536 1063 713 1104 pacificum,
739 1066 893 1102 quantun]
910 1072 981 1091 cuin
999 1061 1069 1091 Deo
1089 1070 1267 1101 possumus,
1293 1058 1512 1090 favorabiliter
1528 1068 1712 1088 annuamus.
1759 1056 1841 1087 Sane

186 1118 292 1145 vestra
317 1125 426 1145 corani
451 1114 542 1144 nobis
567 1114 711 1145 exhibita
735 1113 848 1154 petitio
873 1112 1068 1147 continebat,
1093 1111 1179 1152 quod
1204 1110 1391 1141 Iaraboctus
1416 1113 1448 1140 et
1464 1109 1630 1140 Massonus
1647 1108 1842 1145 Ranaldutii,

187 1166 339 1197 Boctolus
371 1165 500 1196 Massoli
531 1168 563 1196 et
592 1166 750 1196 Petroniis
774 1164 915 1195 Vaccole
947 1174 983 1193 ac
1012 1163 1186 1193 Mai-eutius
1216 1161 1363 1192 Bertellii
1395 1161 1434 1191 de
1458 1160 1635 1191 Iaraboctis
1666 1160 1781 1190 exititii
1812 1162 1844 1190 et

188 1218 296 1248 hostes
320 1216 439 1258 publici
464 1216 601 1247 civitatis
626 1215 769 1246 eiusdem
794 1215 957 1246 Ludovico
983 1215 1057 1245 olim
1074 1214 1212 1245 Bavarie
1238 1213 1309 1243 duci
1334 1212 1620 1251 excommunicato,
1645 1211 1787 1241 heretico
1813 1217 1844 1241 et

189 1269 369 1299 scismatico
394 1268 566 1298 manifesto
591 1267 744 1298 adversus
768 1266 873 1297 Deum
899 1270 931 1296 ct
954 1265 1122 1296 ecclesiam
1140 1264 1320 1295 Romanam
1346 1273 1483 1304 suosque
1506 1263 1618 1293 fideles
1635 1262 1761 1302 publice
1786 1261 1842 1292 ad-

188 1320 340 1351 heserunt
371 1319 526 1350 hactenus
553 1319 703 1360 idemque
734 1318 923 1348 Iaraboctus
952 1328 1008 1358 pro
1038 1316 1123 1347 dicto
1148 1316 1312 1346 Lndovieo
1341 1315 1440 1355 gessit
1469 1315 1570 1345 offitia
1599 1317 1631 1344 et
1657 1314 1686 1344 in
1716 1314 1843 1343 civitate

192 1370 347 1402 Saonensi
371 1371 455 1412 gerit
479 1370 716 1411 presentialiter
740 1373 772 1399 et
796 1373 859 1400 tam
885 1369 954 1409 ipse
979 1379 1074 1409 quam
1099 1367 1216 1408 prefati
1239 1367 1420 1405 Massonus,
1445 1365 1606 1402 Boctolus,
1631 1365 1789 1395 Petroniis
1813 1368 1845 1394 et

188 1422 363 1453 Mareutius
388 1421 493 1452 eidem
518 1421 683 1452 Ludovico
708 1432 745 1451 ac
769 1421 839 1451 aliis
864 1420 1013 1450 hereticis
1037 1423 1068 1450 ct
1085 1419 1259 1450 rebellibus
1283 1428 1391 1448 earum
1409 1418 1545 1458 partium
1563 1419 1706 1457 prestant
1723 1418 1755 1446 et
1771 1425 1842 1456 pre-

189 1474 338 1505 stiterunt
360 1473 579 1514 multipliciter
602 1473 731 1509 auxilia,
757 1472 889 1502 consilia
913 1474 944 1502 et
969 1471 1094 1501 favores
1117 1480 1240 1500 necnon
1264 1473 1374 1500 contra
1398 1469 1558 1499 civitatem
1583 1467 1759 1508 predictam
1777 1467 1843 1497 An-

189 1525 371 1556 conitanam
397 1525 528 1565 eiusque
553 1524 638 1554 cives
662 1527 693 1554 ct
718 1522 837 1553 incolas
862 1522 1004 1552 eiusdem
1023 1521 1168 1552 Romane
1194 1521 1329 1552 ecclesie
1354 1520 1464 1550 fideles
1489 1524 1521 1550 ct
1544 1519 1678 1549 devotos
1702 1529 1762 1549 non
1787 1529 1842 1548 ex-

191 1579 348 1616 paverunt
372 1585 522 1606 excessus
552 1575 753 1605 committere
784 1573 1006 1611 detestandos,
1032 1572 1171 1613 dampna
1195 1572 1316 1603 eisdem
1342 1582 1436 1612 qnam
1462 1571 1598 1612 plurima
1622 1570 1844 1600 nichilominus

189 1627 366 1658 inferendo.
421 1626 501 1657 Cum
525 1629 631 1656 autem
658 1635 698 1656 ex
724 1625 887 1665 premissis
911 1625 1051 1654 timeatis
1076 1624 1204 1659 merito,
1231 1623 1314 1664 quod
1340 1624 1365 1653 si
1390 1623 1576 1653 Iaraboetus
1601 1625 1632 1652 et
1655 1622 1709 1651 alii
1733 1631 1843 1661 supra-

192 1679 267 1710 dicti
297 1678 624 1709 reintromitterentur
650 1678 681 1707 in
711 1677 778 1713 illa,
814 1680 879 1706 tam
915 1675 1060 1706 eiusdem
1095 1676 1232 1705 civitatis
1267 1674 1361 1704 statui
1397 1684 1490 1714 quam
1521 1673 1642 1703 civibus
1674 1675 1706 1702 et
1733 1672 1844 1702 incolis

191 1730 378 1761 memoratis
402 1730 511 1770 gravia
535 1728 678 1769 pericula
702 1732 735 1759 et
758 1727 909 1758 scandala
934 1727 1146 1767 provenirent,
1171 1725 1261 1756 nobis
1286 1725 1448 1755 humiliter
1473 1724 1685 1764 supplicastis,
1713 1726 1747 1753 ut
1770 1733 1843 1763 pro-

190 1781 301 1812 videre
326 1781 415 1811 vobis
444 1784 476 1811 et
501 1780 606 1810 eidem
636 1780 754 1810 civitati
778 1779 980 1809 Anconitane
1006 1788 1102 1818 super
1126 1777 1186 1807 hiis
1211 1776 1250 1807 de
1276 1780 1433 1817 oportuno
1457 1775 1600 1806 remedio
1629 1774 1843 1815 dignaremur.

191 1833 258 1863 Nos
289 1832 397 1873 itaque
422 1832 536 1862 vestris
564 1831 594 1860 in
623 1830 682 1861 hac
711 1834 801 1870 parte
826 1829 1112 1870 supplicationibus
1135 1828 1290 1866 inclinati,
1320 1828 1486 1868 cupientes
1509 1827 1621 1857 vestris
1649 1829 1680 1856 et
1708 1825 1844 1856 civitatis

193 1883 336 1915 eiusdem
360 1882 508 1923 periculis
532 1885 564 1912 et
587 1881 746 1912 scandalis
763 1890 950 1921 precavere,
974 1883 1007 1910 ut
1032 1889 1090 1920 per
1115 1904 1120 1909 .
1140 1904 1146 1910 .
1171 1883 1328 1910 rectorem
1352 1878 1492 1909 marchie
1512 1878 1710 1908 Anconitane
1727 1877 1781 1917 qui
1797 1880 1845 1906 est

192 1946 250 1976 pro
274 1938 420 1974 ternpore
444 1932 495 1963 vel
519 1933 615 1962 aliam
641 1942 862 1972 quamcunque
888 1941 1067 1972 personam,
1093 1931 1307 1970 cuiuscunque
1332 1929 1496 1971 dignitatis
1520 1929 1570 1959 vel
1595 1931 1696 1958 status
1719 1928 1846 1965 existat,

194 1986 233 2017 ad
258 1983 571 2016 reintromittendum
596 1984 626 2013 in
651 1982 765 2013 eadem
784 1983 912 2013 civitate
930 1982 1132 2013 Anconitana
1148 1981 1199 2012 vel
1223 1982 1290 2012 eius
1312 1981 1455 2011 districtu
1472 1980 1615 2021 prefatos
1632 1979 1846 2017 Iaraboctum,

194 2037 389 2075 Massonum,
414 2035 595 2073 Boctolum,
618 2034 795 2064 Petronum
821 2037 852 2064 et
868 2034 1061 2065 Marcutium
1085 2033 1235 2074 compelli
1260 2042 1358 2073 usque
1383 2031 1423 2062 ad
1441 2031 1615 2072 apostolice
1640 2030 1724 2061 sedis
1748 2030 1847 2061 bene-

193 2088 345 2128 placitum
371 2096 575 2127 nequaquam
599 2086 733 2116 valeatis
760 2086 859 2123 inviti,
884 2085 974 2116 vobis
999 2086 1189 2116 auctoritate
1222 2084 1418 2125 presentium
1448 2082 1658 2123 indulgemus.
1761 2081 1847 2112 Nulli

193 2150 270 2180 ergo
297 2142 356 2169 eter
382 2140 489 2168 nostre
514 2137 728 2168 concessionis
752 2136 925 2177 infringere
950 2140 1009 2167 etc.

301 2190 375 2220 Dat.
400 2189 598 2227 Avinion(e),
622 2188 698 2218 Idus
722 2188 899 2228 Februarii,
924 2198 1005 2218 anno
1031 2187 1283 2229 quartodecimo.

481 2319 567 2354 692.
608 2319 759 2353 Litterae
787 2318 961 2353 cardinale?
991 2318 1098 2362 leyato
1128 2318 1284 2352 directae.
1388 2316 1492 2351 Febr.
1508 2317 1564 2350 13.

309 2394 406 2432 Copia
431 2394 482 2432 (c.)
507 2392 620 2424 ibidem
644 2394 715 2423 tom.
732 2392 771 2421 95
795 2402 844 2422 ην.
862 2392 955 2422 3096.
1006 2391 1202 2423 Contulimus
1224 2400 1288 2422 nos.
1326 2409 1366 2414 —-
1405 2390 1466 2421 Ed.
1493 2389 1629 2420 leez'ner
1652 2388 1669 2419 l.
1687 2398 1710 2419 c.
1736 2388 1762 2425 Ι,
1788 2387 1850 2418 573

196 2456 246 2476 vr.
264 2446 327 2475 747
351 2455 388 2475 ea:
412 2455 436 2475 c.

306 2504 354 2542 Cf.
373 2503 515 2540 Bc'ilzmer,
539 2503 614 2543 Rey.
637 2502 749 2533 Ludw.
771 2512 803 2541 2³.
819 2503 883 2533 223
906 2501 1021 2533 Pabste
1043 2513 1093 2533 nr.
1112 2501 1174 2532 102
1197 2505 1225 2533 et
1251 2501 1387 2533 Theium·
1411 2500 1429 2530 I.
1447 2510 1471 2530 c.
1496 2500 1522 2536 I,
1541 2500 1602 2529 570
1625 2509 1672 2529 φιν.
1688 2500 1758 2528 746.

302 2596 365 2627 Dil.
391 2597 432 2627 fil.
458 2597 593 2627 Iohanni
618 2596 725 2628 Sancti
749 2595 912 2626 Theodori
936 2595 1071 2626 diacono
1096 2595 1249 2626 cardinali
1272 2595 1446 2636 apostolice
1471 2593 1555 2624 sedis
1579 2593 1696 2632 legato.

306 2645 641 2689 Nuper'significante
665 2647 756 2678 nobis
780 2647 833 2677 dil.
850 2647 891 2677 fil.
908 2647 1036 2687 Angelo
1053 2646 1259 2677 Malabrance
1284 2646 1474 2677 cancellario
1491 2644 1597 2683 Urbis,
1622 2642 1706 2683 quod
1731 2641 1848 2671 dudum

199 2698 359 2740 quondam
388 2698 577 2729 Franciscus
604 2698 809 2730 Malabrance
840 2702 932 2739 pater
962 2709 1036 2729 suus
1065 2698 1213 2739 dicteque
1241 2698 1337 2729 Urbis
1374 2696 1600 2733 cancellarius,
1635 2694 1708 2723 dum
1744 2692 1847 2722 adime

199 2754 312 2791 ageret
345 2750 376 2780 in
411 2749 575 2789 humanis,
610 2750 768 2791 quendam
804 2750 939 2791 burgum
974 2760 1066 2780 suum
1097 2750 1191 2780 situm
1225 2750 1255 2779 in
1286 2748 1485 2789 pertinentiis
1520 2746 1603 2776 dicte
1633 2743 1727 2774 Urbis
1757 2742 1846 2773 Lello
