2205 3025
139 678 162 695 10

138 934 160 952 15

139 1189 164 1208 20

139 1445 163 1465 25

139 1705 164 1724 30

142 1962 165 1979 35

140 2323 168 2341 40

413 118 507 144 ACTA
526 117 638 144 REGNI
659 117 843 144 LUDEWICI
868 117 914 144 IV.
934 117 978 142 ET
1000 119 1184 146 FRIDERICI
1205 119 1252 144 Ill.
1292 119 1364 145 1327.
1403 119 1450 145 Nr.
1464 119 1522 145 326.
1541 119 1600 145 327.
1774 121 1836 151 239

290 204 481 234 Ludowicus
498 204 560 234 Dei
575 204 678 244 gratia.
694 203 911 234 Romanorum
930 215 987 235 rex
1004 215 1133 246 semper
1149 209 1303 245 augustus
1392 205 1561 246 spectabili
1577 206 1644 236 viro
1660 205 1836 236 Berhtoldo

181 255 289 286 comiti
314 255 354 285 de
378 255 607 295 Hennenberg,
632 255 804 285 secretario
829 265 885 285 suo
911 255 1029 286 dilecto
1119 257 1255 297 gratiam
1278 266 1369 286 suam
1394 261 1426 286 et
1450 267 1544 287 omne
1569 256 1696 287 bonum.

294 309 320 336 1.
356 307 481 341 Quanta
506 306 633 345 virtute,
658 309 775 346 quanta
799 306 902 346 gloria
927 310 959 337 et
984 307 1104 338 honore
1129 308 1275 348 preclara
1299 308 1481 338 Saxonum&
1505 308 1655 339 nobilitas
1678 309 1836 339 strennuis

182 358 305 388 actibus
330 357 437 387 multis
462 360 494 387 et
518 357 621 396 longis
645 357 842 396 temporibus
866 359 1032 388 retroactis
1057 370 1181 389 sacrum
1206 360 1344 389 tenuerit
1367 363 1399 389 et
1416 359 1534 390 rexerit
1550 360 1729 400 imperium.
1754 360 1835 390 anti-

182 409 287 450 quitas
311 407 431 438 indicat
455 410 485 437 et
506 408 734 448 scripturarum
751 408 876 438 cronice
894 411 1095 440 attestantur.
1131 410 1298 451 Principes
1315 410 1454 451 quidem,
1479 414 1647 451 magnates
1665 414 1697 441 et
1713 411 1836 441 nobiles

180 460 320 490 Saxonie
350 459 424 489 olim
456 458 531 489 dicti
561 462 632 489 sunt
661 462 693 489 et
717 458 845 489 fuerunt
874 460 971 499 ipsius
995 461 1120 501 imperii
1144 461 1344 496 fundatores,
1377 463 1429 502 qui
1454 473 1512 502 per
1535 465 1625 492 actus
1649 462 1782 493 bellicos
1806 466 1838 493 et

181 511 338 553 gloriosos
362 510 541 550 triumphos
564 510 690 550 ipsumb
714 510 939 550 plantaverunt
963 516 996 542 et
1019 513 1049 541 in
1075 512 1187 543 diebus
1211 513 1272 543 illis
1293 514 1462 554 magnifice
1480 514 1673 544 extulerunt.
1708 513 1763 544 Hii
1780 524 1836 554 pre

183 563 300 594 ceteris
329 562 434 603 gentis
459 561 657 592 Theutonice
688 562 883 602 incorporati
912 566 985 592 sunt
1014 563 1149 603 imperio
1181 568 1213 594 et
1241 564 1281 594 ad
1311 564 1553 605 obsequendum
1582 564 1642 595 sibi
1670 565 1741 605 plus
1767 564 1838 595 aliis

184 614 345 654 deputati,
371 613 455 644 unde
481 616 513 643 et
538 612 617 643 duos
640 612 760 643 habent
784 613 944 653 principes
969 614 1126 645 electores
1151 615 1191 645 1111
1216 616 1355 655 ipsorum
1381 615 1510 656 quidem
1535 616 1671 656 gloriam
1696 619 1728 646 et
1752 616 1837 657 quod

181 665 223 696 ad
254 665 474 695 defensionem
512 664 650 704 amplius
681 664 741 704 ipsi
772 664 905 704 imperio
937 665 1128 705 obligantur.
1182 666 1270 696 Inter
1301 670 1409 697 cetera
1439 677 1513 697 vcro
1545 667 1654 698 debita
1684 667 1837 708 obsequia

181 716 361 754 Romanos)
394 715 640 756 imperatoribus
672 719 704 745 et
734 715 864 755 regibus
895 727 935 745 ex
968 716 1099 757 antiqua,
1130 717 1367 748 conswetudine
1400 721 1546 748 tenentur
1575 718 1719 753 obnoxii,
1751 717 1836 759 quod

181 767 417 798 transeuntibus
448 768 493 797 eis
518 766 619 807 Alpes
650 767 736 807 ipsos
767 767 885 797 debent
915 768 1004 808 sequi
1030 778 1205 801 armorum,
1240 779 1394 809 equorum
1425 772 1457 799 et
1485 769 1648 799 hominum
1680 772 1837 810 apparatu

181 819 296 860 singuli
320 820 409 849 iuxta
434 829 538 859 posse,
562 819 643 848 sicut
666 818 726 848 hoc
751 822 799 849 est
824 819 947 849 notorie
972 819 1186 849 manifestum.

289 873 318 901 2.
355 870 460 905 Quare
485 880 555 900 cum
581 869 660 900 duee
685 870 834 905 Domino,
860 871 947 900 cuius
972 871 1080 911 gracia
1104 871 1244 911 regimus
1269 875 1301 901 et
1325 881 1504 911 regnamus,
1530 872 1630 912 Alpes
1653 872 1835 902 transiveri-

181 933 251 953 mus
268 922 461 952 Lombardie
481 926 513 952 et
532 921 669 952 feliciter
693 921 938 962 progrediamur
954 922 1092 952 Romam
1110 922 1293 962 imperiales
1311 923 1426 952 infulas
1444 923 1651 963 solempniter
1668 924 1836 964 recepturi.

183 984 293 1004 omnes
322 978 351 1004 ct
381 974 523 1014 singulos
550 973 712 1013 principes
741 974 977 1003 ecclesiasticos
1001 978 1032 1004 et
1056 974 1216 1004 seculares
1245 978 1276 1004 et
1301 974 1379 1004 alios
1404 974 1546 1014 prelatos
1570 975 1737 1005 inferiores
1761 985 1836 1005 nec-

182 1036 244 1055 non
269 1026 402 1056 comites
427 1029 459 1055 ct
483 1025 620 1055 barones
643 1025 788 1065 aliosque
813 1025 936 1055 nobiles
961 1026 1185 1066 requisivimus
1209 1030 1241 1056 et
1269 1025 1416 1056 affective
1442 1027 1624 1065 rogavimus
1648 1030 1680 1056 et
1702 1026 1836 1056 nichilo-

181 1077 284 1108 minus
301 1077 358 1107 sub
377 1087 460 1117 pena
477 1077 667 1117 privacionis
685 1077 824 1107 omnium
844 1078 967 1113 iurium,
994 1078 1232 1117 privilegiorum
1257 1081 1289 1108 ct
1314 1077 1479 1109 bonorum,
1504 1088 1565 1117 que
1590 1081 1698 1108 tenent
1715 1087 1733 1107 a
1748 1088 1837 1108 sacro

182 1129 326 1169 imperio,
352 1129 531 1158 monuimus
555 1132 587 1158 et
611 1129 687 1168 ipsis
712 1129 913 1169 precepimus
939 1129 1121 1169 patentibus
1146 1129 1271 1169 scriptis
1288 1129 1433 1167 nostris¹‚
1459 1130 1607 1169 quatinus
1624 1130 1837 1170 unusquisque

182 1181 272 1210 iuxta
301 1179 443 1210 debitum
469 1185 501 1209 et
525 1180 772 1220 possibilitatem
803 1191 891 1210 suam
925 1180 1077 1211 decenter
1106 1191 1139 1211 se
1168 1180 1320 1221 expediat
1349 1180 1388 1210 de
1421 1191 1591 1214 1110101010,
1623 1191 1778 1221 equorum
1807 1184 1839 1211 et

183 1232 325 1272 equitum
351 1235 507 1272 apparatu
532 1231 572 1261 ad
597 1231 796 1272 sequendum
823 1243 878 1261 nos
903 1236 935 1262 et
959 1232 1160 1262 serviendum
1182 1232 1272 1262 nobis
1289 1232 1329 1262 ad
1347 1231 1466 1262 dictum
1485 1236 1626 1262 nostrum
1642 1232 1838 1272 propositum

182 1282 448 1321 «insufflandum,
479 1284 521 1313 ita
551 1283 635 1323 quod
661 1294 676 1313 11
706 1284 928 1314 00111101101000
961 1284 1159 1324 presencium
1189 1284 1270 1314 infra
1295 1284 1461 1314 continuos
1487 1283 1566 1314 duos
1590 1294 1730 1323 menses,
1760 1294 1838 1324 quos

183 1334 221 1365 ad
248 1335 307 1365 hoc
331 1335 500 1365 terminum
526 1335 775 1375 peremptorium
802 1336 979 1366 statuimus.
1011 1335 1140 1366 realiter
1164 1335 1308 1376 expediti
1332 1335 1393 1366 iter
1417 1336 1570 1376 arripiant
1594 1346 1693 1375 usque
1718 1335 1758 1365 ad
1784 1346 1839 1365 nos

183 1386 330 1416 continue
355 1386 560 1426 procedendi.

292 1441 320 1468 3.
357 1438 502 1479 Cumque
533 1438 714 1468 executioni
744 1439 970 1478 premissorum
1000 1450 1056 1469 nos
1082 1439 1139 1479 ipsi
1167 1439 1310 1468 insistere
1336 1450 1397 1468 non
1424 1439 1591 1479 possimus,
1616 1439 1836 1468 auctoritatem

183 1489 238 1520 tibi
263 1489 468 1520 concedimus
493 1490 522 1519 in
548 1489 699 1529 predictis
724 1494 756 1520 et
780 1489 921 1530 plenarie
940 1491 1024 1520 vices
1041 1495 1174 1522 nostras.
1199 1494 1233 1520 ut
1250 1490 1391 1531 singulos·
1409 1490 1641 1530 suprascriptos
1659 1490 1838 1530 privacione

182 1541 359 1574 feodorum,
385 1541 636 1581 privilegiorum,
662 1541 774 1571 iurium
801 1545 831 1570 et
857 1541 1022 1573 bonorum.
1053 1552 1114 1581 que
1139 1553 1157 1571 11
1181 1552 1271 1571 sacro
1297 1546 1405 1571 tenent
1430 1542 1575 1582 imperio.
1601 1546 1632 1571 et
1656 1541 1726 1571 aliis
1750 1541 1839 1581 penis

181 1598 213 1622 et
241 1592 344 1622 modis
374 1593 538 1632 oportunis
566 1592 607 1622 ad
636 1592 817 1623 faciendum
847 1599 877 1622 et
907 1592 1141 1623 observamlum
1172 1603 1229 1633 per
1253 1597 1283 1622 te
1309 1594 1357 1622 vel
1387 1594 1482 1623 alium
1511 1592 1707 1633 compellere
1732 1591 1839 1622 valeas

182 1650 214 1673 et
244 1654 364 1674 1110010.
417 1643 510 1678 Quod
542 1644 567 1673 si
597 1644 667 1684 quis
697 1645 896 1674 necessitatis
928 1645 1009 1674 forte
1044 1655 1139 1674 causa
1171 1645 1279 1674 venire
1315 1655 1375 1674 11011
1412 1645 1528 1684 poterit
1562 1644 1613 1673 vel
1644 1647 1837 1674 armatorum

183 1695 310 1725 mittere
347 1695 545 1728 comitivam,
581 1695 792 1735 permittimus
832 1696 917 1736 quod
949 1695 1129 1726 huiusmodi
1165 1696 1353 1736 obsequium
1389 1696 1573 1736 pecuniario
1610 1695 1751 1725 subsidio
1783 1705 1838 1735 pro

183 1746 399 1786 stipendiariis
423 1746 493 1776 aliis
518 1747 741 1787 conquirendis
765 1747 806 1777 ad
830 1747 996 1778 arbitrium
1022 1751 1053 1778 et
1078 1749 1291 1788 provisionem
1317 1752 1403 1778 tuam
1430 1748 1589 1778 reddimat
1607 1752 1638 1778 et
1655 1750 1839 1783 commutet,

184 1798 328 1838 quamvis
355 1799 554 1838 presenciam
580 1799 750 1829 cuiuslibet
774 1802 838 1829 tam
864 1802 996 1840 propter
1012 1799 1236 1842 certitudinem
1254 1799 1327 1830 fidei
1346 1810 1440 1840 quam
1458 1810 1665 1840 personarum
1683 1799 1838 1829 strennui-

184 1852 283 1879 tatem
309 1852 341 1879 et
369 1848 550 1879 babendum
576 1849 670 1879 fidele
695 1849 860 1880 consilium
887 1851 981 1889 longe
1006 1851 1142 1891 amplius
1167 1851 1400 1891 amplexemur,
1426 1855 1479 1881 11111
1504 1852 1527 1880 si
1553 1851 1634 1880 forte
1659 1849 1839 1880 huiusmodi

182 1900 371 1940 obsequium
398 1901 427 1930 in
453 1900 620 1941 quodlibet
649 1901 734 1931 11111111
760 1901 949 1942 obsequium
975 1902 1025 1932 vel
1054 1902 1233 1942 profectum
1258 1903 1354 1932 alium
1380 1902 1436 1932 tibi
1463 1903 1562 1932 visum
1588 1902 1683 1932 fuerit
1708 1911 1838 1931 conver-

187 1951 329 1982 tendum.
375 1952 493 1982 Ratun]
523 1951 678 1982 babentes
707 1956 738 1982 et
766 1956 907 1993 gratum.
939 1953 1089 1994 quicquid
1120 1954 1150 1983 in
1178 1954 1341 1994 premissis
1365 1954 1415 1984 vel
1444 1953 1589 1994 quolibet
1613 1953 1838 1993 premissorum

190 2013 247 2042 per
271 2006 302 2033 te
327 2003 377 2033 vel
402 2003 607 2033 substitutum
633 2007 688 2034 aut
712 2003 899 2034 substitutos
924 2005 1014 2034 tuos'’
1039 2004 1249 2035 ordinandum
1275 2005 1424 2035 duxeris¹’
1448 2005 1499 2035 vel
1525 2004 1694 2045 agendum.

294 2054 368 2085 Dat.
399 2054 589 2086 Mediolani.
622 2054 699 2085 IIII.
729 2055 780 2086 1110
811 2056 929 2086 mensis
957 2057 1108 2097 Augusti.
1141 2067 1223 2086 anno
1252 2056 1381 2086 Domini
1414 2056 1582 2086 millesimo
1613 2056 1837 2085 trecentesimo

186 2105 339 2135 vicesimo
364 2106 511 2146 septimo.
537 2107 624 2147 regui
650 2117 725 2137 vero
750 2108 848 2137 nostri
873 2118 955 2137 anno
980 2107 1216 2138 terciodecimo.

417 2236 500 2271 3:27.
544 2237 751 2272 Illamluz‘um
778 2239 978 2282 provinciae
1005 2238 1176 2273 baroniae
1206 2241 1356 2274 nussum.
1465 2240 1552 2283 slas).
1573 2242 1604 2272 (j.

299 2310 475 2349 Oriyimdia
500 2311 562 2341 (luo
590 2315 600 2342 1
628 2314 656 2342 et
680 2313 698 2342 2
722 2313 826 2343 eadem
850 2323 948 2343 mmm
973 2316 1106 2343 earo-ala
1132 2313 1251 2343 ibidem.
1291 2313 1488 2344 Commium«-
1504 2324 1570 2343 ows.
1606 2312 1749 2342 Pcmlmzt
1765 2310 1839 2341 loris

187 2361 432 2392 membranaceis
461 2362 597 2401 siglillnm
629 2363 819 2402 antoqraphi
846 2367 856 2394 1
892 2364 1018 2401 laesum,
1047 2364 1144 2403 sissilli
1167 2365 1377 2403 [suffimentum
1402 2363 1591 2403 croedoyrapltz'
1614 2365 1643 2395 2.
1691 2362 1731 2392 Inr
1754 2371 1838 2391 Tarso

185 2411 330 2451 leymztur
359 2424 457 2443 mama
485 2424 594 2444 coaeva
624 2415 760 2454 scripta:
795 2419 829 2446 ut
854 2417 1012 2456 principes
1036 2416 1176 2446 Saxonie
1202 2416 1362 2446 seculares
1388 2419 1418 2445 et
1443 2414 1651 2446 ecclesiastici
1676 2412 1839 2443 conferant

187 2463 313 2494 domino
342 2465 531 2505 imperatori
561 2465 736 2497 subsidium
765 2469 823 2505 (lli,
856 2468 986 2505 itemque
1014 2472 1048 2497 ut
1081 2467 1200 2497 domini
1230 2466 1368 2497 Saxonie
1400 2467 1592 2497 comitentur
1622 2466 1837 2505 inperatorem

186 2514 268 2546 ultra
292 2516 392 2556 Alpes
417 2517 550 2557 quilibet
574 2518 663 2547 iuxta
687 2528 780 2558 posse
806 2519 861 2557 (2).

296 2576 438 2613 Bo‘lmwr,
462 2576 535 2616 Bega.
561 2576 671 2607 Ladae.
689 2588 726 2616 2».
743 2579 784 2607 56
806 2589 854 2608 vr.
873 2580 944 2608 944.

286 2669 351 2695 326.
380 2672 402 2700 ³)
424 2674 439 2695 1“1
459 2672 483 2695 in
505 2672 558 2696 loco
579 2681 637 2696 rose
657 2681 695 2697 or.
783 2672 806 2701 b)
827 2673 851 2696 in
873 2673 926 2696 loro
946 2681 1005 2696 roro
1026 2682 1063 2697 ω’.

288 2730 312 2759 l)
333 2729 412 2760 Infra
434 2738 474 2755 ur.
488 2732 544 2756 327.
