2205 3025
276 670 330 692 Augv
344 670 361 687 4.

382 119 441 146 ,10ss
623 111 717 137 ACTA
739 110 849 136 REGNI
872 109 1052 135 LUDEWICI
1073 108 1119 134 IV.
1140 108 1184 133 ET
1205 106 1386 133 FRIDERICI
1407 106 1453 132 111.
1492 106 1566 131 1328.
1602 105 1720 131 N1·.495.
1739 105 1797 131 496.

382 200 471 230 nobis
496 202 527 229 ct
551 198 724 238 apostolice
749 196 815 226 sedi
841 206 897 235 pro
915 194 1005 225 vobis
1030 197 1061 223 et
1086 194 1279 223 comunitate
1304 195 1409 223 vestra
1433 202 1490 232 per
1513 192 1598 232 ipsos
1623 191 1800 232 graciarum
1818 191 1907 221 vobis
1932 191 2025 221 reffe-

381 252 476 280 rimus
501 250 615 279 uberes
644 249 799 282 actiones
832 247 970 286 prompti
1006 248 1157 286 quantum
1189 255 1259 275 cum
1289 244 1360 274 Deo
1390 244 1565 284 poterimus
1594 242 1634 273 ad
1662 253 1714 282 ea,
1744 252 1804 283 que
1833 245 1971 273 vestium
1996 246 2028 273 et

380 300 528 340 csivitatil
524 298 540 340 1
565 302 668 329 vestie
693 298 865 338 lespiciant
893 296 1095 327 commodum
1127 298 1159 325 et
1188 295 1353 326 honoiem.
1399 294 1441 324 Et
1470 304 1545 326 ecce
1573 294 1628 324 filii
1657 293 1741 334 quod
1770 294 1940 334 petitiones
1970 304 2026 334 pro

379 355 468 392 put(
494 354 598 381 Vestia
621 350 712 380 nobis
737 349 862 378 oblatas
891 349 971 378 sieut
1001 347 1154 378 decenter
1186 347 1255 376 fieri
1284 346 1371 376 licuit
1399 346 1439 376 ad
1468 345 1687 377 exaudicionis
1715 345 1850 385 gratiam
1879 344 2028 375 duximus

379 401 598 433 tami-abiliter
625 399 854 439 admittendas,
887 400 967 430 sicut
1001 400 1180 429 continetur
1204 399 1234 427 in
1259 397 1373 428 litteiis
1401 397 1517 427 nostris
1544 396 1617 427 inde
1646 396 1799 427 confectis
1828 395 2026 437 predictique

378 453 480 483 nuncii
505 451 545 482 ad
570 462 624 481 vos
649 460 719 480 cum
745 454 850 480 nostre
875 450 1107 480 benedictionis
1124 450 1227 490 gratia
1250 449 1418 479 redeuntes
1435 449 1556 479 referre
1574 448 1664 479 vobis
1681 450 1831 488 poterunt
1851 447 1922 477 viva
1939 457 2027 477 voce.

378 504 419 534 Et
443 504 517 544 quia
541 504 656 533 iustum
682 505 743 540 est,
767 504 802 531 ut
826 502 879 542 qui
903 502 1087 542 passionum
1111 501 1230 531 fuerint
1252 501 1359 537 socii1,
1385 500 1637 530 consolationum
1661 508 1863 539 nequaquam
1889 498 2028 529 existere

379 555 517 585 debcant
540 554 646 593 alieni,
671 553 760 583 vobis
784 553 824 583 ad
848 553 1000 593 gaudium
1025 553 1221 591 nunciamus,
1247 552 1332 592 quod
1356 551 1410 582 illo
1435 551 1583 591 faciente,
1606 551 1655 580 cui
1677 560 1747 580 cum
1765 549 1900 580 voluerit
1921 549 2030 580 subest

379 606 492 647 poss-02
496 605 676 641 hereticis
700 604 761 634 illis
785 607 816 635 et
840 604 1028 634 scismaticis
1050 603 1202 634 videlicet
1226 603 1391 634 Ludovico
1417 603 1456 633 de
1473 602 1610 633 Bavaria
1635 604 1667 632 et
1690 601 1786 631 Petro
1811 600 1851 631 de
1877 600 2028 631 Celvaria

379 631 582 698 ipsorumque
607 656 815 696 complicibus
839 656 890 686 dic
914 655 992 686 IIII
1010 655 1128 685 mensis
1146 655 1283 695 Augusti
1306 655 1452 694 proxime
1476 653 1621 694 preteliti
1638 653 1677 684 de
1696 652 1782 683 Urbe
1799 652 1918 693 fugatis
1935 663 2028 693 aper-

379 709 481 749 tisque
506 707 749 746 Romamorum)
774 707 888 746 oculis,
917 707 970 747 qui
994 707 1101 747 aliquo
1126 709 1271 746 tempore
1294 705 1386 736 hoste
1411 705 1541 735 humani
1565 705 1692 745 generis
1716 707 1905 744 procurante
1930 703 2028 734 clausi

380 761 514 797 fucrant,
538 759 649 789 fideles
673 759 770 789 nostri
795 761 826 788 et
850 761 958 788 sancte
982 758 1128 788 Romane
1154 757 1288 788 ecclesie
1312 759 1406 787 nocte
1431 756 1578 797 sequenti
1603 755 1731 786 fuerunt
1756 755 1785 785 in
1806 754 1922 786 eadem
1940 754 2028 785 Urbe

379 821 448 841 cum
478 811 598 850 ingenti
621 810 729 840 leticia
759 813 791 840 et
814 810 934 840 honore
959 810 1079 849 recepti
1104 819 1141 839 ac
1167 807 1282 839 deinde
1307 808 1472 838 Romanus
1496 807 1633 848 populus
1658 806 1710 837 dil.
1730 807 1771 836 fil.
1796 805 1919 836 nobiles
1943 806 2027 836 viros

379 861 575 902 Stephanum
600 861 640 892 de
665 862 844 901 Columpna
869 861 1002 891 militem
1029 864 1059 891 et
1076 860 1266 902 Bertuldum
1292 859 1330 890 de
1355 859 1426 889 filiis
1442 859 1515 889 Ursi
1540 861 1691 899 nepotem
1718 857 1770 888 dil.
1788 857 1830 888 fil.
1856 858 1955 887 nostri
1972 857 2025 888 Io-

380 914 490 943 hannis
514 913 619 944 Sancti
646 912 809 943 Theodori
833 912 957 942 diaconi
989 911 1158 942 cardinalis
1187 911 1362 951 apostolice
1392 910 1478 941 sedis
1506 910 1605 950 legati
1629 919 1730 950 usque
1755 909 1794 939 ad
1819 919 1876 939 sex
1900 918 2026 939 menses

378 966 409 995 in
433 968 596 995 senatores
613 964 707 995 Urbis
729 963 871 994 eiusdem
895 964 984 993 iuxta
1008 966 1150 993 nostrum
1175 962 1413 1002 beneplacitum
1439 961 1606 1002 elegerunt
1629 961 1855 1001 prefatumque
1885 960 2028 1000 legatum

379 1016 577 1046 admiserunt
607 1026 678 1046 cum
709 1015 829 1045 honore
858 1015 999 1044 maximo
1024 1014 1257 1054 subsequenter
1285 1024 1322 1043 ac
1352 1023 1541 1053 quecunque
1566 1012 1713 1053 prelibati
1737 1011 1870 1042 heretici
1895 1014 1927 1041 et
1950 1011 2026 1040 scis-

378 1068 485 1097 matici
510 1069 675 1107 gesserant
699 1069 731 1097 et
755 1066 991 1104 ordinaverant,
1021 1066 1050 1095 in
1076 1066 1219 1105 generali
1244 1065 1443 1105 parlamento
1469 1074 1525 1094 suo
1550 1063 1636 1094 nulla
1660 1066 1691 1093 et
1714 1063 1803 1093 irrita
1828 1062 2028 1093 declarantes

379 1119 436 1148 sub
464 1119 553 1159 penis
576 1117 726 1158 gravibus
755 1117 879 1157 publice
908 1117 1140 1147 mandaverunt
1170 1117 1315 1147 omnibus
1346 1119 1377 1147 et
1401 1116 1546 1156 singulis,
1576 1115 1629 1156 qui
1657 1115 1697 1145 ab
1729 1114 1842 1144 eodem
1867 1114 1963 1144 Petro
1989 1113 2028 1143 de

379 1170 541 1208 Cervaria,
566 1170 618 1209 qui
642 1170 724 1199 sein
741 1168 1013 1199 abhominandum
1037 1168 1167 1208 ydolum
1193 1171 1342 1199 erexerat
1366 1167 1475 1198 sedem
1501 1168 1533 1197 in
1551 1166 1637 1197 Urbe
1662 1165 1844 1206 usurpando
1870 1164 2024 1205 predicta,

379 1221 499 1251 litteras
523 1221 739 1259 obtinuerant,
770 1220 839 1250 illas
868 1220 950 1250 infra
978 1223 1098 1250 certum
1126 1219 1186 1249 sibi
1210 1219 1367 1260 prefixum
1392 1220 1563 1249 terminum
1588 1218 1720 1258 prefatis
1744 1216 1946 1247 senatoribus
1970 1215 2026 1246 de-

379 1271 462 1301 ferre
487 1275 519 1301 ct
543 1272 704 1311 assignare
728 1274 875 1301 curarent
898 1274 1051 1311 tanquam
1077 1270 1172 1300 falsas
1198 1274 1229 1301 et
1253 1280 1403 1301 erroneas
1433 1273 1579 1310 patenter
1609 1270 1691 1310 ignis
1720 1268 1866 1299 incendio
1897 1277 2027 1298 concre-

379 1322 512 1353 mandas
536 1322 684 1363 quodque
709 1323 740 1352 in
759 1322 904 1352 omnibus
921 1321 1136 1352 contractibus
1153 1326 1273 1352 annus-²
1290 1321 1492 1362 pontificatus
1513 1321 1611 1350 nostri
1629 1321 1708 1351 sicut
1726 1323 1821 1350 antea
1845 1321 2027 1359 poneretur.

487 1373 559 1404 Dat.
585 1374 742 1412 Avinion.‚
766 1373 815 1404 Id.
839 1372 1047 1413 Septembris,
1071 1383 1153 1403 anno
1178 1372 1416 1404 terciodecimo.

414 1582 487 1616 496.
522 1582 555 1616 N
565 1581 582 1615 Ι
591 1580 620 1616 C
629 1580 756 1615 OLAI
785 1580 827 1614 V.
852 1580 978 1615 ANTI
987 1580 1159 1615 PAPAE
1184 1579 1449 1615 LITTERAE
1476 1577 1505 1613 C
1515 1578 1694 1614 ONTRA
1719 1577 1991 1613 FAUTORES

884 1636 901 1671 l
910 1635 1059 1671 OHAN
1068 1635 1100 1670 N
1110 1635 1123 1669 Ι
1134 1636 1159 1669 S
1184 1635 1308 1670 XXII.
1334 1634 1519 1670 PAPAE.

1036 1703 1142 1737 mss
1160 1708 1163 1714 ¹
1185 1703 1283 1746 Sept.
1309 1702 1364 1737 14.

490 1795 587 1833 Copia
604 1795 654 1832 (c.)
682 1794 713 1823 m
731 1793 928 1831 Jevgyestoram
954 1792 1178 1823 Vaticsmmwa
1200 1792 1351 1823 tabularii
1374 1791 1522 1823 Vaticani
1545 1794 1615 1822 tono.
1634 1792 1695 1821 118
1715 1791 1772 1831 fol.
1788 1791 1859 1821 125¹
1883 1801 1932 1822 Ιιν.
1949 1791 2027 1828 394,-

379 1847 419 1883 cf.
436 1856 535 1885 snpra
558 1845 600 1876 ad
622 1855 670 1875 ur.
687 1844 759 1874 458.
806 1843 1040 1882 Desme'psimns
1062 1854 1127 1874 nos.

488 1905 561 1944 Ιῗιῃ.
586 1904 687 1935 Eubel
709 1904 771 1935 loeo
794 1914 893 1942 snpra
916 1904 1010 1935 citato
1028 1915 1062 1943 p.
1082 1905 1142 1934 16ηί
1166 1914 1215 1935 m.
1231 1905 1291 1934 2„
1258 1904 1304 1934 92.

491 1965 538 2002 ‹f'ls
563 1975 662 2003 sapia
684 1975 732 1994 ur.
751 1965 823 1993 4:39.

487 2050 638 2080 Nieolaus
667 2050 836 2090 episcopus
865 2060 973 2080 servus
1002 2060 1163 2079 servorum
1189 2049 1250 2079 Dei
1340 2048 1392 2078 dil.
1416 2048 1458 2078 fil.
1483 2048 1651 2080 Emanueli
1679 2047 1837 2078 Sementis
1865 2047 1904 2077 de
1937 2046 2027 2077 Albi-

381 2112 463 2142 gana
488 2101 606 2131 ordinis
630 2101 761 2131 fratrum
779 2100 1021 2130 Predicatorum
1099 2100 1233 2131 salutem
1260 2103 1291 2130 et
1315 2100 1525 2140 apostolicam
1550 2098 1820 2129 benedictionem.

491 2155 514 2182 1.
551 2152 646 2192 Qelus
671 2155 702 2182 et
726 2153 847 2181 sincere
873 2151 1051 2182 devotionis
1068 2151 1211 2189 affectus,
1237 2162 1315 2192 quos
1333 2154 1363 2181 te
1381 2150 1421 2181 ad
1440 2162 1496 2181 nos
1514 2154 1546 2181 et
1563 2153 1705 2181 sanctam
1722 2149 1900 2180 Romanam
1925 2149 2027 2180 eccle-

380 2203 458 2233 siam
480 2202 670 2232 catholicam
688 2202 806 2232 habere
831 2203 1053 2242 comperimus,
1079 2213 1115 2233 ac
1140 2213 1263 2232 morum
1281 2202 1441 2239 honestas,
1466 2202 1529 2232 vite
1548 2201 1712 2240 munditia,
1737 2201 1868 2231 scientie
1890 2200 2026 2236 claritas,

380 2253 515 2284 altitudo
539 2253 659 2283 consilii
684 2253 810 2293 aliaque
835 2257 887 2283 tue
911 2255 1025 2283 merita
1049 2253 1227 2294 probitatis,
1252 2263 1313 2294 que
1338 2253 1394 2283 tibi
1418 2252 1585 2293 suffragari
1602 2255 1781 2287 noscuntur,
1806 2254 1947 2282 nostrum
1972 2262 2028 2282 ex-

380 2305 478 2335 citant
502 2306 655 2338 animum,
684 2308 718 2334 ut
745 2314 914 2344 personam
939 2308 1025 2334 tuam
1051 2304 1153 2345 dignis
1177 2305 1333 2335 honorum
1358 2304 1457 2334 titulis
1481 2304 1665 2334 attollamus
1690 2306 1721 2333 et
1745 2307 1775 2333 te
1800 2303 1840 2333 ad
1864 2305 1972 2334 nostra
1997 2305 2029 2332 et

380 2359 487 2386 sancte
513 2355 657 2385 Romane
690 2355 823 2385 ecclesie
854 2356 1029 2385 ministeria
1053 2356 1239 2396 peragenda
1267 2355 1458 2386 fiducialiter
1483 2365 1690 2385 assumamus.
1737 2353 1847 2384 Habet
1871 2353 2027 2394 siquidem

380 2408 425 2437 rei
449 2407 566 2437 veritas
590 2416 649 2436 nec
671 2406 765 2436 Urbis
790 2409 822 2436 et
846 2407 930 2436 orbis
954 2407 1077 2446 angulis
1102 2411 1150 2437 est
1167 2407 1336 2446 occultum,
1361 2407 1498 2447 qualiter
1522 2406 1696 2446 dampnate
1720 2406 1874 2436 memorie
1891 2404 2028 2436 Iacobus

381 2458 419 2488 (le
445 2457 603 2488 Catureho
628 2468 685 2497 pcr
709 2458 944 2487 serenissimum
973 2458 1148 2498 principem
1173 2457 1371 2488 Ludovicum
1396 2457 1614 2488 Romanorum
1644 2457 1870 2496 imperatorem
1900 2466 2027 2497 semper

380 2513 548 2550 augustum
573 2512 715 2538 nostrum
740 2511 772 2538 et
796 2508 948 2538 ecclesie¹³
974 2512 1082 2539 sancte
1108 2508 1262 2539 catholice
1291 2512 1323 2539 et
1351 2508 1521 2539 christiane
1551 2508 1647 2538 fideib
1672 2507 1812 2548 pugilem
1843 2517 1879 2538 ae
1908 2507 2026 2538 clerum

485 2584 547 2610 495.
576 2588 598 2615 ὃ)
619 2595 684 2610 corr.
699 2594 728 2610 ex:
747 2594 839 2610 aunuls
859 2595 878 2609 c.

483 2636 547 2662 496.
575 2637 598 2668 ὃ)
618 2646 684 2668 sequ.
699 2638 760 2661 Hom
781 2638 852 2662 delet.
873 2646 892 2661 ¹3.
999 2636 1022 2667 h),
1042 2638 1093 2662 chr.
1108 2638 1164 2662 fidei
1185 2638 1210 2661 in
1229 2638 1343 2669 'tutamine
1357 2642 1415 2669 pus!
1434 2638 1496 2662 add.
1511 2647 1530 2662 c.

485 2705 508 2730 1»
532 2704 571 2735 Cf.
593 2707 615 2730 2.
632 2704 689 2730 Cor.
705 2710 724 2735 1,
742 2708 760 2730 7.
866 2705 892 2732 2>
912 2704 972 2737 Sap.
991 2708 1029 2735 12,
1045 2708 1082 2729 18.

2049 664 2072 682 10

2047 920 2070 938 15

2045 1181 2070 1199 20

2047 1911 2071 1930 30

2047 2213 2071 2231 35

2046 2467 2072 2486 40
