2205 3025
162 650 185 669 10

162 932 184 950 1⁵

161 1188 186 1207 20

161 1443 185 1462 25

165 1721 190 1740 3⁰

164 1977 190 1995 35

165 2233 191 2251 40

162 2570 194 2588 45

480 86 576 127 ACTA
595 85 707 111 REGNI
728 84 909 111 LUDEWICI
927 85 973 110 IV.
992 84 1036 110 ET
1058 84 1241 111 FRIDERICI
1262 86 1308 112 III.
1346 85 1420 112 1328.
1458 86 1504 112 Nr.
1518 87 1576 113 408.
1792 87 1852 117 309

312 173 347 203 In
372 173 499 202 nomine
524 172 653 202 Domini
678 182 780 202 amen.

316 235 340 262 1.
375 231 423 261 Ad
441 230 642 261 audienciam
660 231 848 261 sanctissimi
872 231 970 271 patris
993 234 1024 261 et
1047 231 1167 261 domini
1187 232 1286 261 nostri
1307 231 1427 261 domini
1445 231 1596 262 Iohannis
1618 232 1723 262 divina
1746 233 1852 272 provi-

204 283 311 313 dentia
335 282 450 312 summi
475 281 631 322 pontificis
648 281 734 311 fania
752 281 878 321 publica
895 281 1061 321 deferente
1079 283 1234 322 pervenit,
1260 282 1345 323 quod
1368 283 1443 313 licct
1459 283 1641 314 Ludovicus
1658 283 1697 313 de
1715 284 1852 315 Bavaria

205 334 279 365 olim
304 333 369 364 dux
392 333 528 363 Bavarie
554 332 673 362 dudum
699 331 809 362 fuisset
834 343 891 372 per
914 333 1015 373 ipsum
1042 332 1204 363 dominum
1234 337 1376 364 nostrum
1400 345 1558 364 summum
1582 335 1764 375 pontificem
1789 336 1853 366 suis

206 385 408 426 exigentibus
424 383 588 414 demeritis
605 394 675 414 cum
694 383 758 413 suis
775 383 952 413 fautoribus
969 386 1001 413 et
1018 384 1075 413 sibi
1093 384 1321 414 adherentibus
1339 385 1677 416 excommunicationis
1694 387 1853 417 sententia

203 436 373 467 innodatus
398 438 429 466 et
453 436 530 474 iure,
556 435 580 464 si
606 434 691 474 quod
716 434 775 464 sibi
800 437 868 464 erat
892 435 922 464 in
946 444 1045 474 regno
1070 434 1286 466 Romanorum
1313 436 1364 466 vel
1385 436 1531 466 Romano
1556 437 1690 476 imperio
1715 438 1852 478 acquisi—

203 491 284 527 tum,
314 490 444 527 propter
473 485 666 526 multiplices
695 496 767 515 suos
796 495 946 515 excessus
975 486 1117 525 privatus
1142 497 1178 516 ac
1204 487 1299 517 etiam
1325 487 1452 517 tandem
1478 487 1637 518 hereticus
1662 487 1852 527 declaratus,

204 542 311 569 tamen
336 538 482 568 dominus
506 536 643 567 Iacobus
661 536 830 575 episcopus
847 536 1047 566 Castellanus
1072 537 1298 568 beneficioriun
1317 548 1336 568 a
1352 537 1499 568 Romana
1524 538 1658 569 ecclesia
1680 543 1711 569 ct
1735 551 1754 570 a
1777 540 1853 571 sede

203 589 379 630 apostolica
397 591 620 629 perceptorum
638 588 808 617 immemor
824 590 856 616 ct
873 588 1015 627 ingratus
1032 591 1103 627 post
1121 589 1265 628 predicta
1282 590 1325 618 sic
1344 590 1476 627 notoria.
1501 589 1587 630 quod
1604 590 1689 620 nulla
1706 594 1854 631 poterant

204 641 467 682 tergiversatione
499 639 609 677 celari,
644 638 771 668 adhesit
801 638 906 668 eidem
940 638 1105 668 Ludos-ico
1138 644 1169 669 et
1200 650 1270 670 cum
1302 650 1340 670 eo
1374 641 1577 681 participavit
1608 641 1732 682 sibique
1765 642 1854 673 dedit

205 692 371 730 auxilium,
397 690 562 721 consilium
589 694 621 721 et
645 689 798 727 favorem,
823 693 857 719 ut
880 690 1036 730 sequitur:

312 767 341 795 2.
382 764 530 804 Inprimis
564 763 649 804 quod
684 773 755 793 cum
786 763 888 793 dictus
916 763 1097 793 Ludovicus
1126 767 1197 803 post
1226 764 1407 795 huiusmodi
1437 767 1610 796 sententias
1644 770 1753 797 contra
1782 777 1854 797 euni

204 816 286 846 latas
311 820 342 846 et
366 816 396 846 in
421 816 506 845 curia
530 815 676 845 Romana
705 818 737 845 et
766 815 796 844 in
825 814 957 844 diversis
986 814 1094 844 mundi
1124 814 1266 854 partibus
1291 815 1468 855 publicatas
1491 817 1531 847 ad
1556 817 1754 848 obsidionem
1779 818 1854 848 civi-

204 869 277 898 tatis
301 867 418 898 Pisane
443 868 591 901 venisset.
617 866 759 906 prefatus
784 866 953 906 episcopus
978 867 1064 895 venit,
1089 865 1127 895 ad
1154 867 1256 906 ipsum
1282 866 1479 897 Ludovicum
1504 869 1534 897 in
1559 868 1723 899 obsidione
1747 868 1854 899 huius-

204 919 291 949 modi
316 919 509 949 existentem
542 922 573 948 et
602 918 703 958 ipsam
735 918 896 947 civitatem
922 917 1072 947 Pisanam
1105 928 1175 946 cuni
1204 917 1288 947 dicto
1315 917 1477 948 Lndorico
1509 919 1638 949 intraxit
1666 924 1697 949 et
1725 920 1768 950 ibi
1798 919 1855 950 fuit

204 971 352 1001 continue
377 980 447 999 Cum
474 980 527 1008 eo,
552 968 738 999 adherendo
764 972 796 998 et
820 967 999 998 assistendo
1024 968 1082 997 sibi
1108 978 1144 998 ac
1171 968 1327 998 visitando
1352 979 1424 998 eum
1449 970 1555 1009 sepius
1579 974 1611 1000 et
1634 971 1854 1011 participando

204 1021 330 1062 publice
356 1031 426 1052 cum
452 1020 577 1058 eodem,
603 1030 698 1060 quam
724 1019 777 1049 diu
802 1019 983 1049 Ludovicus
1009 1021 1074 1060 ipsc
1101 1020 1129 1049 in
1155 1020 1283 1050 civitate
1309 1020 1452 1060 prodicta
1478 1023 1659 1061 permansit.

314 1072 395 1102 Item
422 1072 507 1112 quod
532 1071 616 1101 dicto
641 1071 804 1102 Ludovico
831 1071 1001 1101 recedente
1027 1082 1045 1101 a
1069 1071 1154 1101 dicta
1179 1071 1306 1101 civitate
1328 1071 1445 1101 Pisana.
1470 1083 1577 1102 versus
1601 1073 1712 1103 urbem
1736 1073 1856 1103 Roma.-

205 1135 277 1155 nam
302 1124 388 1154 idem
413 1124 583 1164 episcopus
606 1124 663 1153 ivit
688 1133 758 1152 cum
775 1123 843 1162 ipso
862 1127 893 1152 et
911 1123 1085 1152 comitatua
1109 1133 1165 1152 sno
1191 1133 1329 1163 eumque
1355 1124 1524 1153 associavit
1548 1134 1645 1164 usquc
1671 1124 1710 1154 ad
1736 1124 1857 1155 Urbem

204 1175 381 1216 predictam
407 1180 438 1205 et
462 1186 532 1205 cuni
558 1175 642 1205 dicto
668 1174 831 1204 Ludovico
857 1174 975 1204 dictum
1000 1173 1121 1204 I'rbcni
1147 1175 1284 1204 intravit.

312 1227 394 1257 Item
419 1226 504 1267 quod
529 1226 580 1257 die
610 1237 672 1267 qua
702 1225 803 1255 dictus
828 1225 1009 1256 Ludovicus
1037 1236 1070 1255 sc
1102 1226 1296 1265 procuravit,
1329 1229 1362 1255 ut
1387 1226 1512 1263 divitur.
1544 1227 1574 1256 in
1605 1226 1741 1256 ecclesia.
1771 1227 1857 1256 beati

204 1279 293 1309 Petri
319 1279 357 1308 (le
382 1278 469 1309 Urbe
494 1278 653 1310 coronari.
683 1277 722 1307 dc
753 1278 837 1308 facto
863 1277 964 1307 dictus
991 1278 1160 1317 opiscopus
1185 1278 1215 1307 in
1240 1277 1353 1307 eadem
1380 1278 1514 1308 ccclesia
1539 1282 1686 1318 presente
1713 1282 1743 1308 ct
1767 1279 1856 1308 audi-

205 1333 278 1361 ente
302 1330 371 1370 ipso
396 1329 559 1360 Ludovico
585 1333 617 1359 ct
641 1329 751 1369 populi
776 1328 979 1359 multitudine
1009 1330 1138 1369 copiosa
1166 1329 1296 1359 missam
1322 1329 1448 1369 publice
1474 1333 1505 1359 ct
1529 1329 1749 1369 sollempniter
1773 1331 1856 1360 celc-

204 1381 307 1412 bravit
331 1391 386 1411 seu
411 1381 516 1420 potius
541 1383 691 1421 quantuni
718 1381 747 1410 111
774 1391 812 1409 co
837 1381 943 1410 extitit
966 1380 1187 1420 prophanax‘it.

315 1434 395 1463 Item
421 1433 505 1473 quod
531 1433 635 1463 omnia
662 1432 805 1472 predicta
831 1436 862 1462 ot
886 1432 1010 1472 singula
1039 1436 1110 1462 sunt
1139 1433 1264 1462 notoria
1294 1436 1325 1462 ct
1349 1432 1388 1461 dc
1414 1433 1488 1472 ipsis
1517 1436 1565 1462 est
1589 1432 1715 1472 publica
1740 1444 1801 1463 vox
1827 1437 1857 1463 et

206 1485 291 1515 fania
314 1485 345 1514 in
369 1485 498 1514 civitate
522 1484 641 1515 Pisana
667 1487 698 1514 et
722 1484 752 1513 in
778 1484 866 1513 Urbe
892 1488 923 1513 et
947 1484 978 1513 in
1003 1484 1090 1513 curia
1114 1483 1260 1513 Romana
1287 1487 1318 1513 ct
1343 1483 1418 1513 locis
1442 1484 1681 1513 circnnivicinis.

314 1559 342 1587 3.
379 1556 471 1587 Unde
504 1557 648 1597 prefatus
678 1556 825 1587 dominus
857 1560 965 1586 noster
993 1556 1102 1586 volens
1134 1567 1231 1596 super
1262 1556 1321 1586 hiis
1353 1555 1475 1595 plenius
1507 1557 1672 1586 veritatem
1702 1557 1859 1587 commisit

208 1609 278 1639 vive
300 1609 384 1638 vocis
409 1608 537 1638 oraculo
561 1607 652 1638 nobis
669 1607 848 1638 Bertrnndo
874 1607 1117 1648 archiepiscopo
1135 1607 1379 1637 Ebrodunvnsib
1405 1611 1435 1636 ct
1454 1607 1682 1638 Bartholomeo
1708 1609 1858 1649 episcopo

207 1660 433 1697 Foroiuliensi7
465 1663 500 1689 ut
529 1659 568 1690 de
599 1659 657 1689 hiis
687 1660 859 1689 summarie
890 1670 946 1689 nos
971 1659 1141 1689 informare
1172 1669 1369 1693 curaremus,
1402 1659 1578 1689 iuramenta
1607 1659 1747 1695 testium,
1781 1671 1859 1700 quos

209 1711 422 1751 reperiremus
439 1711 469 1740 in
487 1711 583 1747 curia„
609 1710 792 1751 recipiendo
811 1714 843 1740 et
861 1721 969 1741 eorum
988 1710 1205 1750 depositiones
1223 1711 1251 1740 in
1269 1711 1392 1750 scriptis
1411 1710 1512 1750 redigi
1531 1710 1686 1740 faciendo.
1722 1711 1860 1751 Propter

209 1762 294 1803 quod
318 1773 374 1792 nos
399 1762 656 1803 archiepiscopus
682 1766 713 1792 et
737 1763 906 1802 episcopus
930 1762 1102 1802 supradicti
1129 1762 1271 1792 volentes
1289 1761 1463 1802 pramodero
1481 1762 1510 1791 in
1528 1762 1595 1802 ipso
1614 1763 1747 1802 negocio
1772 1763 1860 1792 iuxta

209 1814 463 1843 commissionem
494 1823 590 1853 super
617 1813 677 1843 hoc
706 1813 798 1843 nobis
825 1814 957 1851 factam.
990 1814 1019 1843 in
1050 1813 1158 1853 primis
1188 1823 1270 1843 anno
1300 1823 1318 1843 a
1351 1813 1514 1843 nativitate
1540 1812 1666 1842 Domini
1692 1813 1859 1843 millesimo

209 1864 452 1895 CCCXXVIII.
479 1864 529 1894 die
556 1865 653 1895 tercia
676 1865 794 1895 mensis
818 1865 944 1901 Mareii,
974 1865 1004 1894 in
1030 1864 1172 1904 hospicio
1198 1864 1404 1894 habitationis
1428 1865 1490 1894 mei
1516 1864 1747 1904 archiepiscopi
1771 1875 1859 1895 rece-

208 1916 312 1957 pimus
336 1917 367 1946 111
391 1920 505 1946 testem
523 1915 670 1946 Laudum
695 1916 734 1946 dc
752 1916 884 1947 Perusio
910 1917 1010 1946 civem
1030 1916 1249 1950 Perusinumc.
1276 1917 1327 1956 (1111
1353 1916 1529 1946 iuramento
1555 1916 1686 1955 prestito
1709 1926 1859 1956 corpora-

210 1967 282 1997 liter
307 1967 345 1997 de
371 1967 466 2008 plena
491 1972 523 1997 et
544 1977 633 1998 mera
654 1969 789 1998 veritate
813 1967 946 1998 dicenda
970 1968 1154 2008 postpositis
1178 1978 1297 2001 amore,
1324 1968 1446 1998 11111010.
1473 1967 1546 1997 odio
1571 1971 1602 1997 et
1627 1967 1733 1997 favore
1759 1967 1859 2008 depo-

210 2019 281 2051 suit.
307 2022 341 2048 ut
365 2019 522 2059 sequitur:

316 2069 358 2100 Et
381 2071 483 2110 primo
514 2071 726 2110 interrogatus
755 2081 851 2110 super
880 2071 981 2110 primo
1011 2070 1143 2101 articulo
1175 2070 1269 2101 dixit.
1302 2080 1335 2100 sc
1365 2069 1459 2099 nichil
1488 2070 1567 2099 scire
1597 2070 1653 2099 nisi
1683 2069 1722 2100 de
1751 2069 1860 2100 auditu

210 2121 301 2151 dicid.
351 2121 570 2161 Interrogatus
601 2121 676 2161 quid
708 2121 846 2160 audivit⁷
878 2121 1042 2162 respondit
1073 2121 1158 2162 quod
1191 2132 1261 2151 cuni
1291 2122 1358 2161 ipse
1393 2122 1481 2151 testis
1511 2122 1612 2161 prima
1642 2121 1692 2151 die
1722 2121 1860 2151 Ianuarii

210 2173 355 2212 proxime
380 2173 529 2203 retroacti
554 2173 702 2203 intrasset
726 2173 888 2203 civitatem
906 2173 1066 2211 Pisanam,
1092 2184 1110 2203 a
1134 2184 1196 2214 qua
1222 2174 1351 2203 civitate
1376 2183 1433 2213 per
1457 2182 1576 2212 paucos
1601 2172 1668 2202 dies
1693 2176 1766 2202 ante
1787 2182 1859 2212 pre-

210 2223 311 2253 dictus
335 2223 516 2254 Ludovicns
541 2227 731 2259 recesserat.
762 2225 790 2254 in
821 2225 905 2254 dicta
934 2225 1062 2255 civitate
1087 2225 1208 2255 audivit
1232 2224 1271 2255 ab
1296 2225 1421 2264 hospite
1446 2235 1502 2254 suo
1528 2228 1559 2254 et
1583 2234 1600 2254 a
1625 2224 1767 2264 pluribus
1790 2225 1859 2254 aliis

211 2277 242 2304 et
265 2275 308 2305 ita
332 2275 451 2305 ibidem
478 2275 604 2315 publice
629 2279 662 2306 et
686 2276 896 2306 communiter
920 2275 1096 2312 dicebatur.
1122 2276 1207 2316 quod
1225 2276 1368 2316 prefatus
1385 2276 1553 2315 episcopus
1571 2275 1770 2305 Castcllanus
1788 2285 1858 2305 cum

313 2380 378 2407 408.
407 2382 429 2413 ²²)
449 2384 569 2408 coffitatu
590 2393 627 2407 or.
715 2383 738 2414 b)
759 2383 979 2408 Ebredu'dunensi
998 2394 1036 2409 or.
1124 2384 1146 2415 c)
1167 2384 1301 2408 Perusiuni
1321 2393 1358 2407 or.
1447 2381 1471 2413 (l)
1489 2391 1569 2413 supra
1589 2383 1682 2406 lineam
1702 2382 1764 2405 othl.
1784 2391 1820 2405 or.

213 2479 362 2511 prestando
382 2479 525 2509 auxilium,
550 2480 697 2506 consilium
722 2482 748 2506 et
769 2481 898 2508 favorem.
922 2489 954 2506 ac
977 2480 1076 2506 deinde
1100 2490 1160 2506 cum
1181 2489 1212 2506 eo
1232 2489 1279 2506 seu
1300 2481 1389 2513 ipsum
1410 2478 1548 2512 sequendo
1567 2478 1684 2504 accessit
1703 2478 1737 2504 ad
1758 2478 1858 2504 Urbem

214 2521 288 2546 circa
307 2522 514 2549 coronationem
535 2525 562 2548 et
582 2523 770 2549 inunctionem
790 2532 836 2549 seu
857 2523 950 2556 potius
969 2526 997 2549 et
1018 2524 1108 2549 verius
1127 2523 1328 2549 execrationem
1350 2522 1436 2556 ipsius
1452 2521 1583 2546 Ludovici
1603 2520 1691 2546 eidem
1706 2521 1859 2546 assistendo

214 2572 330 2596 eumque
354 2565 514 2591 honorando
537 2568 565 2592 et
589 2568 733 2598 tamquam
757 2566 839 2592 datus
862 2566 891 2591 in
915 2574 1023 2592 sensum
1048 2566 1195 2599 reprobum
1215 2569 1243 2592 et
1262 2565 1387 2599 ingratus
1408 2565 1529 2589 Romane
1548 2563 1671 2592 ecclesie,
1696 2572 1748 2595 qne
1769 2563 1858 2596 ipsum

214 2606 344 2632 Iacobum
367 2607 401 2633 ad
426 2608 593 2641 dignitatem
619 2608 808 2642 episcopalem
828 2610 1011 2642 promoverat,
1038 2609 1065 2634 in
1085 2608 1226 2642 premissis
1246 2608 1320 2633 mala
1340 2607 1420 2633 malis
1440 2605 1581 2631 cumulare
1600 2608 1627 2631 et
1647 2605 1777 2630 adherere
1798 2613 1858 2629 con-

212 2648 290 2674 tinue
310 2658 362 2675 non
384 2650 509 2681 verendo,
530 2659 577 2676 nos
596 2660 657 2676 cum
677 2651 809 2684 premissa
829 2652 885 2677 sint
904 2651 971 2678 adeo
992 2652 1108 2681 notoria,
1128 2651 1201 2684 quod
1221 2660 1273 2676 non
1293 2651 1399 2683 possint
1414 2649 1509 2681 aliqua
1523 2647 1751 2680 tergiversatione
1766 2646 1857 2675 celari,

211 2691 384 2718 declaramus
405 2713 429 2719 ..
445 2713 450 2718 .
470 2693 606 2725 (Martiae
625 2694 789 2719 *Thesaurus
810 2695 904 2719 ποι-(ω’
924 2694 963 2725 II,
981 2696 1048 2721 746).

1878 2133 1954 2152 111111,
