2205 3025
178 483 189 501 5

165 884 190 903 10

167 1142 189 1160 15

164 1398 188 1417 20

163 1914 188 1932 30

164 2171 188 2189 35

163 2428 189 2445 40

165 2683 189 2701 45

613 164 708 191 ACTA
729 165 840 192 REGNI
859 164 1041 190 LUDEWICI
1062 164 1107 190 lV.
1145 164 1218 190 1330.
1256 163 1303 190 Nr.
1317 163 1375 190 680.
1395 165 1453 191 681.
1800 167 1861 196 579

316 250 357 280 In
382 261 409 282 e.
434 261 474 281 m.
500 250 634 281 Iohanni
660 251 768 282 comiti
793 251 832 282 de
857 251 1032 291 Habspurg

315 301 356 332 In
382 312 409 332 e·
433 313 474 332 ni.
499 301 597 333 nobili
621 303 687 333 viro
712 302 885 333 Frederico
911 303 1017 333 comiti
1042 302 1081 332 de
1106 301 1334 343 Togkcnburg.

381 361 456 392 Dat.
480 362 569 393 XVI.
594 363 666 393 Kal.
692 362 856 401 Februan,
881 373 962 393 anno
988 362 1239 403 quartodecimo.

315 421 356 451 In
380 432 406 452 e.
424 432 465 452 m.
491 422 636 462 sculteto,
661 423 813 463 magistro
831 423 957 461 civium,
982 422 1165 453 consulibus
1189 426 1221 453 et
1244 422 1442 454 universitati
1466 423 1630 455 hominum
1649 425 1859 469 Uberlingen.

210 472 427 503 Constantien.
453 473 534 504 dioc.

235 603 322 639 681.
363 603 514 638 Litterae
541 605 586 638 ml
614 605 805 649 episcopum
832 605 1110 646 druentium-Sem
1139 608 1169 638 et
1197 604 1332 639 electum
1361 605 1566 650 Spircnscm.
1681 607 1761 642 Ian.
1778 611 1833 644 19.

319 678 416 716 Copia
441 679 492 716 (c.)
517 677 629 708 ibidem
653 677 835 708 tom.1151¹
854 676 913 718 fol.
932 678 993 707 151
1016 678 1175 707 ›22:1869.
1229 677 1425 709 Contullmzcs
1449 667 1512 710 iios.
1539 698 1577 702 —
1604 680 1665 712 Ed.
1693 681 1858 713 Hauviller

207 728 225 759 l.
243 738 268 760 c.
292 729 320 766 Ι,
338 730 400 759 167
423 739 471 759 nr.
489 729 552 758 192
575 739 612 759 ea:
636 739 661 759 c.

316 788 391 828 qu.
416 788 517 819 Liilecr
540 789 559 819 Z.
577 799 599 820 c.
617 800 653 828 1).
669 790 733 820 2:2²4
756 799 805 820 ur.
824 789 901 826 65¹9,-
925 788 1215 828 Preyer-Reinkens
1232 799 1265 828 J».
1283 790 1347 820 390
1370 801 1417 820 nr.
1437 790 1507 822 518.

316 874 476 916 Episcopo
500 875 728 916 Argentinensi
753 882 785 906 et
807 874 976 905 Walramo
1002 875 1104 905 electo
1130 873 1280 915 Spirensi.

314 925 445 957 Dudum
469 926 620 957 adversus
643 926 842 957 Ludovicum
868 926 943 956 olim
967 926 1104 957 Bavarie
1136 926 1249 957 ducem
1276 930 1306 957 ct
1336 927 1526 959 discorditer
1550 929 1580 958 in
1605 939 1715 969 regem
1740 930 1860 962 Roma-

207 988 319 1008 norum
344 978 425 1008 sicut
448 977 616 1008 dicebatur
639 978 777 1008 electum
804 977 946 1008 diversos
970 988 1138 1018 processus
1155 977 1195 1008 de
1213 977 1346 1009 fratrum
1364 983 1545 1010 nostrorum
1563 981 1693 1011 consilio
1711 986 1861 1022 presente

207 1028 410 1059 multitudine
435 1029 565 1069 copiosa
589 1029 731 1060 fidelium
755 1029 934 1069 habuimus,
960 1040 1017 1069 per
1041 1040 1119 1070 quos
1143 1029 1228 1060 idem
1254 1030 1436 1060 Ludovicus
1459 1034 1592 1071 propter
1616 1032 1776 1063 horrenda
1801 1035 1860 1064 cri-

207 1080 293 1111 mina
323 1083 355 1111 et
385 1079 592 1111 detestandos
622 1091 773 1111 excessus
804 1082 902 1121 ipsius
927 1082 1270 1112 excommunicacionis
1294 1081 1464 1112 innodatus
1488 1084 1658 1113 sentenciis
1683 1095 1719 1114 ac
1744 1085 1860 1116 deinde

207 1132 271 1162 suis
295 1131 396 1172 culpis
421 1132 678 1162 excrescentibus
703 1142 739 1162 ac
764 1132 972 1162 contumaciis
996 1136 1028 1162 ct
1051 1132 1281 1163 inobedienciis
1310 1134 1500 1164 continuatis
1532 1138 1563 1165 et
1592 1136 1692 1165 auctis
1723 1137 1805 1176 iure,
1836 1138 1860 1166 si

207 1182 293 1223 quod
318 1192 358 1213 ex
377 1182 534 1213 electione
552 1183 696 1223 predicta
713 1183 771 1213 sibi
789 1184 895 1214 forsan
912 1183 953 1213 ad
978 1193 1111 1224 regnum
1129 1183 1373 1223 Romanmrum)
1396 1185 1447 1215 vel
1472 1186 1642 1226 imperium
1669 1188 1857 1228 acquisitum

206 1233 320 1267 fuerat,
346 1238 378 1265 et
401 1234 634 1275 subsequenter
657 1235 776 1265 ducatu
792 1235 929 1266 Bavarie
954 1245 991 1265 ac
1016 1235 1161 1265 omnibus
1185 1235 1360 1276 privilegiis
1378 1236 1562 1276 apostolicis
1586 1241 1617 1267 et
1641 1238 1861 1278 imperialibus

206 1295 330 1316 necnon
360 1285 465 1316 feudis
496 1289 528 1316 et
559 1286 649 1316 bonis
674 1286 929 1327 quibuscunque,
962 1298 1023 1327 que
1054 1297 1072 1316 a
1096 1286 1244 1317 Romana
1269 1287 1318 1317 vel
1351 1287 1513 1327 quibusvis
1542 1289 1612 1318 aliis
1637 1289 1780 1320 ecclesiis
1805 1301 1860 1321 seu

207 1337 342 1378 imperio
367 1337 610 1378 quomodolibet
633 1338 809 1377 obtinebat,
834 1339 976 1379 privatus
1005 1339 1126 1369 exstitit
1150 1342 1182 1368 et
1206 1338 1334 1369 demum
1360 1339 1435 1379 quia
1459 1339 1610 1370 hereticis
1635 1343 1666 1371 ct
1689 1340 1862 1372 rebellibus

207 1388 270 1419 Dei
294 1392 326 1419 et
349 1389 485 1420 ecclesie
510 1389 619 1420 favere
645 1394 677 1420 et
693 1390 850 1420 adherere
867 1389 987 1420 studuit
1012 1390 1096 1420 viros
1113 1400 1264 1420 erroneos
1282 1394 1313 1420 et
1330 1390 1489 1421 hereticos
1507 1391 1536 1421 in
1555 1402 1644 1421 suum
1664 1393 1861 1423 consorcium

207 1439 406 1471 admittendo
432 1444 464 1471 et
488 1451 597 1471 eorum
622 1442 781 1481 perversis
807 1441 1011 1482 dogmatibus
1036 1441 1233 1477 adherendo,
1259 1443 1360 1482 primo
1385 1442 1491 1473 fautor
1514 1442 1729 1474 hereticorum
1754 1444 1861 1475 decla-

206 1494 293 1522 ratus
318 1495 350 1522 et
373 1496 486 1532 postea
510 1492 549 1523 de
574 1492 693 1531 heresi,
725 1503 787 1533 qua
812 1504 846 1523 se
870 1504 1053 1534 respersum
1076 1493 1247 1524 manifeste
1272 1493 1425 1527 reddidit,
1457 1493 1516 1525 fuit
1540 1494 1622 1524 iusto
1648 1494 1765 1525 iudicio
1790 1507 1861 1527 sen-

207 1543 386 1574 tencialiter
409 1548 440 1575 et
464 1544 590 1585 publice
616 1544 883 1585 condempnatus,
917 1545 1050 1575 diversis
1084 1546 1173 1585 penis
1205 1544 1274 1575 aliis
1298 1546 1327 1574 iu
1354 1555 1425 1575 eum
1452 1548 1604 1586 tanquam
1630 1546 1806 1577 hereticum
1831 1551 1863 1578 ct

207 1595 420 1625 scismaticum
444 1596 649 1626 manifestum
674 1596 832 1626 inflictis&
878 1596 919 1626 Et
943 1595 1018 1626 licet
1042 1606 1100 1636 per
1116 1606 1283 1637 processus
1308 1595 1438 1626 eosdem
1464 1597 1629 1627 universos
1653 1598 1861 1637 patriarchas,

163 1657 180 1675 2.
207 1645 466 1687 archiepiscopos
496 1650 529 1677 et
563 1647 731 1687 episcopos
763 1647 907 1688 aliasque
942 1658 1095 1687 personas
1127 1647 1374 1681 ecclesiasticas,
1410 1647 1624 1689 cuiuscunque
1656 1648 1861 1689 condicionis,

207 1698 424 1737 preminencie
449 1702 504 1729 aut
527 1702 627 1729 status
652 1699 840 1735 existerent.v
870 1700 1087 1729 monuerimus
1112 1699 1222 1739 eisque
1247 1698 1432 1729 duxerimus
1457 1699 1665 1729 inhibendum
1690 1700 1861 1731 districtius

207 1752 239 1779 et
263 1750 363 1779 eciam
388 1750 632 1790 iniungendum,
664 1760 702 1780 ne
727 1750 851 1790 prefato
876 1749 1040 1780 Ludovico
1065 1760 1161 1790 super
1185 1750 1259 1782 hiis,
1292 1760 1353 1790 que
1377 1750 1418 1780 ad
1443 1751 1533 1790 regni
1558 1761 1613 1781 seu
1638 1751 1763 1791 imperii
1788 1763 1860 1792 pre-

207 1799 364 1831 dictorum
395 1801 709 1832 administracioncm
738 1811 794 1831 seu
825 1802 969 1841 regimen
1001 1802 1174 1841 pertinent,
1206 1801 1433 1842 quoquomodo
1477 1802 1678 1837 assisterent,
1711 1807 1862 1843 parerent

207 1862 265 1882 seu
295 1852 499 1883 intenderent
528 1856 583 1883 aut
614 1856 794 1893 prestarent
822 1853 993 1889 auxilium,
1025 1853 1190 1883 consilium
1219 1852 1269 1882 vel
1299 1852 1442 1883 favorem
1468 1864 1526 1893 per
1549 1864 1582 1883 se
1608 1854 1657 1884 vel
1682 1853 1779 1884 alium
1804 1866 1860 1885 scu

207 1902 287 1933 alios
311 1903 431 1934 directe
456 1904 506 1934 vel
530 1903 695 1943 indirecte,
719 1904 846 1944 publice
871 1904 922 1935 vel
951 1905 1076 1935 occulte
1100 1915 1158 1935 nec
1184 1904 1288 1935 eidem
1321 1903 1360 1934 ‹le
1385 1903 1627 1945 quibuscunque
1653 1906 1859 1945 proventibus

207 1954 249 1985 ad
283 1965 416 1996 regnum
451 1955 502 1985 vel
534 1955 703 1996 imperium
738 1955 919 1986 huiusmodi
953 1955 1172 1996 spectantibus
1202 1955 1449 1996 responderent,
1486 1966 1541 1986 eos
1577 1957 1629 1997 qui
1666 1957 1859 1988 contrarium

207 2010 401 2047 attemptare
426 2011 656 2047 presumerent,
682 2007 1024 2038 excommunicacionis
1048 2007 1237 2038 innodantes
1261 2007 1430 2037 sentenciis
1454 2008 1564 2048 eisque
1583 2009 1728 2048 apercius
1752 2009 1859 2049 predi-

208 2060 331 2096 centes,
362 2058 447 2098 quod
478 2058 519 2088 ad
543 2059 749 2099 infligendum
774 2070 830 2090 seu
854 2059 1083 2090 declarandum
1108 2069 1208 2099 penas
1238 2062 1349 2089 contra
1378 2059 1458 2089 tales
1482 2069 1540 2099 per
1563 2058 1665 2089 dictos
1690 2070 1858 2100 processus

208 2110 460 2140 communicatas
483 2120 540 2140 seu
564 2110 713 2149 inflictas,
737 2111 888 2141 videlicet
911 2111 1102 2152 privacionis
1127 2111 1331 2151 dignitatum,
1357 2114 1599 2151 personatuum,
1626 2110 1801 2142 officiorum
1828 2116 1860 2142 et

209 2160 438 2191 beneficiorum
468 2161 757 2192 ecclesiasticorum
787 2166 819 2193 et
847 2162 926 2193 alias
956 2163 1165 2203 spiritualiter
1195 2165 1227 2193 et
1257 2162 1478 2202 temporaliter
1507 2161 1753 2193 intendebamus
1786 2174 1859 2204 pro-

209 2212 324 2243 cedere
354 2213 480 2243 iusticia
509 2212 685 2253 mediante,
718 2217 826 2245 tamen
855 2213 1060 2245 Hermannus
1090 2214 1193 2245 dictus
1216 2213 1337 2244 Humel
1362 2213 1402 2244 de
1427 2213 1682 2254 Lechtemberg,
1718 2215 1771 2255 qui
1802 2225 1859 2255 pro

208 2264 377 2294 scolastico
395 2264 529 2295 ecclesie
547 2267 600 2295 tue
618 2264 786 2306 Spirensis,
810 2265 855 2296 fili
872 2266 985 2303 electe,
1010 2270 1041 2296 et
1058 2265 1216 2297 Henricus
1233 2265 1273 2296 de
1291 2265 1495 2297 Grunachen.
1520 2266 1573 2306 qui
1592 2276 1648 2305 pro
1666 2269 1858 2306 preceptore

208 2315 385 2356 Hospitalis
408 2315 503 2347 beate
528 2317 628 2347 Mai-ie
653 2316 922 2347 Theotonicorum
948 2327 1005 2357 per
1029 2316 1247 2355 Alam-aniam,
1272 2317 1442 2358 Rodgerus
1466 2317 1506 2347 de
1531 2316 1690 2357 Amberg,
1724 2318 1778 2358 qui
1801 2328 1858 2358 pro

208 2368 372 2407 preposito
403 2367 538 2398 ecclesie
563 2367 679 2398 Sancte
704 2368 881 2399 Katherine
911 2369 942 2398 in
967 2368 1148 2408 Openheim
1171 2368 1346 2409 Maguntin.
1366 2368 1447 2399 dioc.
1473 2378 1507 2398 se
1536 2368 1709 2409 gerebant,
1743 2372 1775 2399 et
1805 2369 1857 2398 alii

208 2418 350 2449 nonnulli
374 2422 483 2449 contra
506 2419 719 2450 monicionem
744 2423 776 2450 et
792 2419 979 2450 mandatum
996 2423 1103 2450 nostra
1120 2419 1301 2450 huiusmodi
1323 2420 1430 2450 venire
1449 2423 1709 2460 presumpserunt
1726 2423 1858 2453 temere,

208 2469 404 2509 obediendo,
434 2470 577 2511 parendo
606 2474 639 2501 et
662 2470 840 2501 assistendo
865 2470 950 2501 dicto
974 2470 1139 2501 Ludovico
1164 2473 1316 2511 tanquam
1341 2472 1409 2511 regi
1434 2481 1489 2501 seu
1514 2471 1699 2510 imperatori
1724 2481 1761 2500 ac
1785 2481 1857 2510 prc-

207 2520 320 2551 stando
345 2521 451 2552 eidem
475 2522 693 2562 multipliciter
716 2521 849 2559 auxilia,
875 2522 1006 2552 consilia
1029 2525 1061 2552 et
1084 2521 1225 2559 favores,
1254 2522 1335 2552 sicut
1357 2522 1444 2552 fama
1468 2521 1649 2552 notoriabat
1674 2521 1802 2562 publica
1827 2524 1858 2551 et

207 2571 253 2601 rei
279 2572 445 2603 evidencia
469 2573 668 2612 ostendebat,
693 2572 824 2603 eosdem
848 2572 1086 2612 Hermanuum,
1110 2572 1288 2604 Hem-icum
1313 2577 1344 2604 et
1368 2572 1556 2614 Rodgerum
1581 2584 1617 2603 ac
1643 2582 1752 2602 omnes
1777 2572 1857 2601 alios

209 2627 241 2652 et
265 2623 414 2663 singulos,
440 2624 493 2664 qui
516 2627 626 2655 contra
649 2625 862 2654 monicionem
887 2627 919 2654 et
942 2624 1129 2654 mandatum
1152 2627 1260 2654 nostra
1284 2623 1466 2654 huiusmodi
1490 2625 1597 2654 venire
1623 2624 1702 2653 sicut
1724 2623 1855 2662 premit-

209 2673 285 2703 titur
308 2678 577 2714 presumpserunt,
603 2675 763 2715 predictas
780 2675 1122 2705 excommunicacionis
1146 2676 1323 2706 sentencias
1340 2676 1369 2705 in
1394 2675 1515 2706 eisdem
1540 2678 1704 2704 contentas
1728 2683 1856 2713 proces-

314 2775 339 2808 1)
362 2775 402 2807 Cf.
421 2783 504 2808 supra
524 2784 565 2801 nr.
583 2780 629 2802 575
648 2779 671 2801 et
691 2779 769 2802 notus
786 2784 811 2809 p.
826 2779 874 2802 476
892 2779 915 2802 et
933 2781 981 2802 477
998 2776 1113 2802 additas.

1603 2825 1623 2849 ᾗ]

1625 2828 1634 2849 ψ.
