2205 3025
255 22 316 49 ,3131
525 17 617 42 ACTA
641 0 751 42 lilsst‘zN‘i
772 16 953 43 LUDEWICI
973 17 1018 43 IV.
1039 16 1084 42 ET
1105 17 1288 44 FRIDERICI
1308 19 1356 44 HI.
1395 19 1469 45 1329.
1506 19 1554 46 Nr.
1568 20 1625 47 669.

306 157 390 191 (369.
435 156 654 198 I'riae·il‹2rlie{m
681 167 747 198 pro
776 156 893 189 abbate
921 156 1039 190 Sancti
1066 156 1279 191 Emmerami
1307 158 1580 203 Ratisponensis.
1686 161 1768 196 Dec.
1789 163 1852 196 24.

367 237 524 276 Origaimtlr:
543 242 611 276 (or.)
638 237 669 267 in
695 237 852 268 tabulario
873 238 1012 277 materali
1035 239 1122 277 requi
1137 238 1304 271 charici
1326 241 1417 272 KLS
1432 252 1481 272 nr.
1497 243 1570 273 387.
1619 242 1816 274 Contulz'mus
1838 254 1906 277 nos.

253 288 398 327 &millium
425 289 541 318 laesum
560 288 676 326 pendet
699 289 764 326 filis
787 289 895 319 sericis·
913 289 1001 319 rubei
1023 290 1195 329 viridisque
1211 290 1330 323 coloris.
1377 292 1478 331 Super
1498 292 1583 331 plica
1606 294 1758 332 scriptum
1781 297 1840 325 est:
1864 296 1903 332 R.

360 348 502 379 Ramnes.
528 348 603 387 Ray.
620 348 729 379 Lndw.
750 359 782 387 2²-
803 350 842 376 (lli
865 359 914 380 nr.
933 350 1027 381 1067.

356 441 575 482 }{Lu}{dowicus
599 442 660 472 Dei
688 443 797 483 gracia
820 442 1039 474 Romanorum
1071 445 1246 485 imperator
1276 457 1404 487 semper
1433 450 1586 487 augustus
1698 472 1728 478 ..
1753 448 1904 489 religioso

251 493 316 523 viro
350 493 483 523 Alberto
516 493 695 523 honorabili
729 493 838 524 abbati
872 496 1057 525 monasterii
1087 496 1195 527 Sancti
1224 496 1421 529 Emmerami
1450 498 1692 539 Ratisponensi,
1727 499 1815 530 fideli
1847 510 1904 531 suo

250 544 367 574 devoto
455 545 594 585 graciam
620 555 708 575 suam
735 548 767 575 et
791 556 884 576 omne
909 546 1037 577 bonum.

358 594 517 626 'Desiderii
542 600 650 626 votum
677 596 760 627 celse
791 597 986 627 celsitudinis
1015 601 1122 629 nostre
1151 603 1223 630 tunc
1248 610 1364 641 nempe
1389 604 1549 632 saturatur
1580 602 1621 632 ad
1649 602 1797 642 plenum,
1831 612 1904 632 cum

250 647 301 686 pic
326 646 594 677 consideracionis
618 647 722 678 studio
746 648 922 688 imperialis
946 649 1082 680 solercia
1106 650 1295 681 devotorum
1320 653 1445 692 imperii
1469 656 1656 694 augmentat
1679 653 1850 684 commoda
1873 657 1906 684 et

250 697 396 727 honores.
444 697 515 728 Hoc
540 699 598 728 etsi
623 700 742 729 cunctis
767 710 936 740 sumopere
963 711 1003 731 ex
1027 702 1196 732 commisse
1221 703 1311 733 nobis
1336 703 1623 735 administracionis
1647 704 1756 735 debito
1781 704 1905 745 cupidis

249 750 362 779 animis
387 754 540 790 quantum
573 761 741 790 possumus
766 751 872 782 facere
898 755 1080 792 teneamur,
1110 753 1227 783 sorcius
1252 758 1360 785 tamen
1383 765 1445 785 non
1470 755 1601 786 dubium
1624 756 1769 796 personis
1793 756 1906 786 divinis

249 800 405 831 dedicatis
429 801 591 841 obsequiis
616 802 655 832 ob
681 813 790 833 eorum
815 803 1026 843 benemerita,
1055 815 1126 834 cum
1151 805 1218 836 eius
1242 805 1304 835 sint
1326 807 1418 843 servi,
1450 817 1508 847 per
1531 817 1626 848 quem
1651 817 1744 848 reges
1771 812 1907 848 regnant

249 855 280 882 et
298 852 456 892 principes
473 853 503 882 in
524 853 673 892 gentibus
698 854 931 894 dominanturl,
957 856 1082 886 culmen
1107 859 1213 899 nostre
1239 857 1434 888 celsitudinis
1459 858 1499 888 ad
1523 858 1555 888 id
1579 858 1757 889 fervencius
1781 858 1906 900 obliga—

249 906 310 932 tur.
364 903 478 944 Itaque
513 905 610 934 nostri
641 905 744 936 cordis
772 906 933 937 volumina
961 907 1027 948 iugi
1059 907 1272 939 meditacione
1303 908 1467 940 volventes
1496 910 1548 950 pio
1576 920 1747 950 pensamus
1775 910 1905 949 affectu,

249 958 401 994 quantam
427 955 636 986 devocionem
669 960 700 987 et
724 957 820 988 fidem
851 962 883 988 tu
914 959 1023 999 tuique
1049 959 1295 999 predecessores
1322 961 1354 990 in
1385 960 1469 991 dicto
1493 962 1687 991 monasterio
1715 961 1756 992 ad
1785 972 1842 992 nos
1873 964 1905 992 et

248 1016 372 1036 sacrum
390 1005 571 1038 Romanum
590 1008 758 1048 imperium
777 1009 930 1040 hactonus
952 1011 1091 1041 habuisti
1115 1021 1173 1042 nec
1192 1011 1336 1042 desidem
1361 1015 1392 1042 te
1417 1012 1593 1043 invenimus
1617 1013 1658 1043 ad
1682 1016 1782 1043 status
1806 1014 1905 1044 nostri

248 1057 524 1097 magnificenciam
553 1060 788 1100 ampliandam,
819 1061 950 1101 dignum
981 1062 1129 1093 duximus
1154 1066 1184 1093 te
1216 1066 1368 1104 tuumque
1396 1065 1635 1100 monasterium,
1665 1064 1750 1103 quod
1774 1064 1903 1096 affectio

248 1111 356 1138 nostra
381 1110 614 1150 complectitur,
639 1112 771 1152 speciali
796 1112 1023 1144 beneficiorum
1049 1124 1180 1144 munere
1206 1114 1435 1146 extollendum.
1482 1115 1525 1146 Ut
1541 1116 1638 1157 igitur
1654 1120 1694 1153 te,
1720 1117 1808 1146 cuius
1824 1116 1904 1146 fides

249 1170 309 1189 non
336 1160 510 1194 claudicat,
540 1163 658 1192 sentias
687 1174 744 1203 per
771 1168 911 1194 nostram
937 1164 1144 1195 clemenciam
1169 1165 1318 1196 honorari
1342 1176 1431 1196 more
1455 1167 1548 1197 solito
1574 1170 1606 1197 et
1630 1171 1804 1206 consweto,
1833 1168 1902 1198 uni-

249 1221 340 1241 versa
363 1212 496 1251 regalia,
522 1214 786 1253 tcmporalitates,
811 1215 958 1255 honores,
983 1216 1136 1247 utilitates
1162 1221 1193 1247 et
1216 1217 1385 1248 commoda
1409 1218 1466 1248 tibi
1483 1221 1601 1259 tuoque
1618 1219 1812 1250 monasterio
1837 1219 1903 1250 iure

249 1262 299 1291 vel
324 1263 453 1303 antiqua
478 1265 714 1295 conswctudinc
740 1267 937 1306 pertinencia
963 1270 994 1297 ct
1019 1278 1080 1307 quc
1105 1268 1150 1298 tui
1172 1268 1417 1308 predecessores
1441 1270 1470 1299 in
1497 1269 1580 1300 dicto
1600 1271 1794 1301 monasterio
1820 1271 1902 1301 eius-

250 1324 311 1353 que
336 1313 428 1344 bonis
452 1314 606 1345 hactenus
630 1316 810 1347 habuerunt
833 1328 889 1348 scu
914 1319 972 1348 rite
998 1322 1030 1349 et
1054 1319 1211 1359 legittime
1236 1320 1460 1360 possederunt,
1486 1324 1596 1351 tenore
1622 1322 1822 1362 presencium
1846 1323 1903 1353 tibi

248 1364 406 1404 imperiali
431 1365 653 1397 benivolencia
678 1368 884 1406 conferimus,
910 1370 1114 1401 concedimus
1139 1374 1170 1401 et
1194 1370 1358 1401 donamus.
1412 1372 1547 1413 Insuper
1573 1376 1607 1402 ut
1635 1373 1739 1413 gratia
1767 1373 1904 1404 addatur

247 1416 378 1455 graciis,
402 1417 542 1460 singulas
567 1422 598 1448 et
622 1419 783 1450 universas
807 1420 987 1458 libertates,
1013 1422 1218 1462 emunitates,
1245 1423 1481 1463 exempciones‚
1506 1424 1644 1464 graciae,
1669 1425 1901 1463 concessiones,

249 1467 333 1497 dona
351 1472 383 1498 et
401 1468 568 1509 privilegia
592 1469 647 1499 tibi
666 1471 790 1511 tuisque
809 1471 1090 1511 predecessoribus
1115 1477 1147 1503 et
1163 1475 1358 1504 monasterio
1377 1477 1430 1504 tuo
1448 1475 1593 1515 predicto
1618 1486 1635 1505 a
1659 1475 1749 1505 nobis
1779 1486 1836 1506 seu
1860 1476 1900 1506 ab

249 1518 318 1548 aliis
343 1519 624 1559 predecessoribus
649 1523 763 1552 nostris
788 1523 818 1552 in
836 1522 982 1553 Romano
1008 1534 1106 1564 regno
1124 1525 1175 1554 vel
1199 1525 1333 1565 imperio
1352 1526 1603 1566 quibuscumque
1629 1526 1723 1562 facta,
1748 1526 1823 1557 data
1846 1537 1901 1557 seu

247 1580 399 1600 concessa
430 1576 522 1611 grata
547 1576 578 1602 et
607 1577 674 1602 rata
707 1573 862 1604 habentes
891 1576 1049 1614 presentis
1081 1576 1189 1616 scripti
1221 1577 1397 1617 patrocinio
1431 1577 1661 1617 approbamus,
1698 1578 1901 1617 ratificamus,

248 1622 471 1652 confirmamus
496 1633 532 1652 ac
558 1624 655 1654 etiam
681 1624 719 1655 de
744 1635 826 1655 novo
852 1626 1056 1657 concedimus
1081 1631 1113 1657 et
1137 1628 1323 1658 innovamus
1348 1639 1388 1658 ex
1413 1632 1500 1659 certa
1517 1629 1649 1659 scientia
1675 1633 1706 1659 et
1730 1629 1768 1660 de
1793 1633 1900 1660 nostre

248 1673 454 1712 imperatorie
479 1675 677 1714 plenitudine
703 1677 881 1716 potestatis,
907 1678 1050 1708 volentes
1075 1682 1105 1708 te
1131 1682 1282 1720 tuumque
1300 1681 1526 1711 monasterium
1552 1680 1730 1721 predictum
1755 1682 1901 1712 omnibus

248 1727 279 1753 ct
305 1724 435 1764 singulis
460 1726 629 1756 antedictis
653 1727 735 1757 adeo
760 1728 853 1768 plene
880 1733 911 1759 ct
935 1730 1087 1769 precipue
1111 1730 1267 1770 gaudere.
1297 1732 1342 1762 uti
1368 1735 1400 1762 et
1424 1732 1528 1772 potiri,
1560 1732 1829 1773 quemadmodum
1855 1733 1900 1763 tui

247 1775 491 1815 predecessores
516 1778 545 1807 in
572 1778 655 1808 dicto
674 1780 867 1809 monasterio
893 1783 924 1810 ct
949 1781 1051 1821 ipsum
1070 1783 1296 1812 monasterinm
1315 1783 1469 1813 hactenus
1487 1794 1686 1824 quocumque
1711 1784 1812 1824 tytulo
1838 1785 1899 1814 eis-

247 1826 320 1856 dem·
345 1827 393 1856 usi
417 1832 489 1857 sunt
514 1831 545 1858 ct
569 1829 672 1868 potiti.
719 1830 940 1871 l'recipicntes
963 1832 1102 1872 regibus,
1128 1833 1270 1873 ducibus,
1294 1834 1540 1873 marchionibus,
1565 1835 1747 1875 comitibus,
1772 1835 1898 1866 baroni-

248 1877 304 1906 bns
329 1879 508 1919 ceterisque
532 1880 691 1911 nobilibus
717 1884 747 1911 ct
771 1882 918 1913 fidelibus
942 1884 1068 1924 imperii
1092 1885 1259 1917 universis.
1290 1886 1484 1924 civitatibus,
1509 1886 1804 1926 communitatibus,
1829 1887 1898 1917 uni-

247 1929 463 1962 versitatibus.
496 1931 639 1972 collegiis
671 1937 701 1962 ct
729 1933 799 1963 aliis
824 1935 968 1974 personis
992 1935 1206 1976 singularibus
1235 1937 1501 1978 quibuscumque,
1532 1938 1758 1979 cuiuscumque
1790 1938 1897 1969 condi-

247 1980 345 2010 cionis
370 1983 523 2016 existant,
549 1984 674 2014 etiamsi
698 1985 871 2024 pontificali
897 1990 951 2016 aut
975 1986 1038 2017 alia
1063 1988 1173 2027 quavis
1197 1988 1401 2029 prefulgeant
1425 1989 1595 2029 dignitate,
1625 1999 1664 2020 ne
1690 1993 1720 2020 te
1746 1992 1898 2030 tuumque

247 2033 475 2063 monasterium
502 2035 531 2064 in
555 2035 707 2075 predictis
732 2040 786 2066 aut
809 2036 916 2077 aliquo
941 2038 1157 2078 predictorum
1182 2040 1289 2081 aliquo
1314 2040 1409 2071 modo
1434 2041 1619 2080 molestent,
1649 2041 1826 2081 impediant
1850 2041 1900 2072 vel

248 2083 449 2122 perturbent,
484 2086 567 2116 inmo
593 2088 702 2126 pocius
734 2089 916 2119 omnimode
941 2094 1171 2121 manuteneant
1201 2095 1232 2122 et
1260 2091 1434 2123 defendant
1459 2092 1575 2122 favoris
1604 2095 1636 2122 et
1665 2093 1767 2132 gratie
1791 2095 1898 2122 nostre

247 2134 304 2164 sub
323 2134 463 2165 obtentu.
511 2136 581 2167 Xon
601 2138 800 2169 obstantibus
817 2139 1069 2181 quibuscumque
1087 2142 1221 2183 legibus,
1246 2143 1375 2177 iuribus,
1401 2143 1682 2174 consuetudinibus
1699 2143 1749 2174 vel
1773 2144 1899 2174 statutis

249 2189 280 2214 ct
304 2186 486 2225 specialiter
515 2187 640 2228 legibus
673 2190 733 2219 illis
758 2190 792 2220 C.
819 2190 858 2221 de
887 2192 1035 2231 precibus
1065 2193 1249 2234 imperatori
1279 2194 1450 2225 offerendis
1474 2195 1493 2225 l.
1518 2194 1586 2225 ‘nec
1611 2195 1799 2235 dampnosa'
1823 2198 1854 2225 et
1878 2195 1897 2225 l.

248 2237 409 2274 ulnin1ai2
439 2241 469 2268 et
489 2235 529 2268 ‘si
558 2244 667 2270 eontm
692 2242 738 2271 ius
762 2242 812 2272 vel
841 2243 1038 2281 utili(tatemi
1070 2244 1272 2286 pu(blicam)³
1303 2245 1444 2284 e(odem)
1474 2246 1581 2285 li(bro)
1611 2246 1630 2276 l.
1656 2246 1817 2287 ul(tima)³
1841 2256 1897 2277 seu

248 2288 422 2329 privilegiis
454 2288 549 2331 [γρηὶ
578 2292 836 2323 concessionibus
872 2293 962 2324 factis
996 2305 1052 2335 per
1086 2307 1142 2326 nos
1170 2300 1224 2326 aut
1254 2297 1499 2337 predecessores
1530 2301 1653 2328 nostros
1681 2308 1898 2338 quoscumque

247 2340 452 2377 generalibus
477 2342 525 2371 vel
552 2343 744 2382 specialibus
769 2344 965 2379 introductis,
992 2346 1091 2383 factis,
1117 2347 1198 2378 datis
1223 2358 1279 2378 scu
1304 2349 1462 2379 concessis
1486 2359 1544 2389 per
1567 2358 1801 2390 quemcumque
1825 2359 1898 2390 per-

248 2401 324 2421 sone
350 2392 548 2432 cuicumque,
574 2395 671 2423 muris
696 2395 849 2436 collegio,
882 2399 1101 2428 communitati
1131 2410 1186 2430 seu
1217 2410 1352 2440 persone
1378 2401 1544 2440 singulari,
1575 2401 1800 2441 cuiuscumque
1824 2411 1897 2441 pre-

249 2443 436 2481 eminencie,
461 2443 653 2474 condicionis
678 2449 709 2475 ct
734 2450 834 2476 status
860 2448 985 2480 existat,
1011 2454 1042 2479 et
1067 2450 1249 2490 specialiter
1272 2452 1391 2482 civitati
1416 2450 1642 2492 Ratisponensi
1666 2451 1722 2482 sub
1748 2462 1897 2492 quacum-

351 2544 415 2570 669.
443 2550 464 2577 ¹¹)
485 2547 575 2571 eircfzh'!
594 2557 629 2571 ον.

353 2622 376 2649 l)
399 2622 438 2652 Cf.
454 2621 549 2648 Mattlz.
564 2628 655 2653 21],23.
755 2625 780 2650 '21
804 2625 866 2650 (iad.
886 2630 905 2656 1,
922 2631 958 2657 111,
974 2630 988 2651 3
1007 2629 1029 2651 r!
1049 2633 1071 2652 Ν.
1178 2629 1204 2659 3)
1227 2628 1288 2655 (bd.
1304 2634 1324 2659 1.
1339 2633 1376 2660 22,
1392 2633 1414 2655 ⁶.

1937 452 1948 470 5

1925 709 1949 726 10

1925 971 1948 989 15

1923 1227 1948 1246 20

1920 1483 1944 1501 25

1920 1741 1944 1759 30

1918 1998 1942 2016 35

1916 2255 1941 2272 40
