<?xml version="1.0" encoding="UTF-8"?>
<!DOCTYPE html PUBLIC "-//W3C//DTD XHTML 1.0 Transitional//EN"
    "http://www.w3.org/TR/xhtml1/DTD/xhtml1-transitional.dtd">
<html xmlns="http://www.w3.org/1999/xhtml" xml:lang="en" lang="en">
 <head>
  <title>
</title>
<meta http-equiv="Content-Type" content="text/html;charset=utf-8" />
  <meta name='ocr-system' content='tesseract 3.04.00' />
  <meta name='ocr-capabilities' content='ocr_page ocr_carea ocr_par ocr_line ocrx_word'/>
</head>
<body>
  <div class='ocr_page' id='page_1' title='image "./monumentagermani0601geseuoft/monumentagermani0601geseuoft_0734.png"; bbox 0 0 2205 3025; ppageno 0'>
   <div class='ocr_carea' id='block_1_1' title="bbox 380 187 1666 226">
    <p class='ocr_par' dir='ltr' id='par_1_1' title="bbox 380 187 1666 226">
     <span class='ocr_line' id='line_1_1' title="bbox 380 187 1666 226; baseline -0.004 -8"><span class='ocrx_word' id='word_1_1' title='bbox 380 201 440 226; x_wconf 54' lang='lat' dir='ltr'>ms,</span> <span class='ocrx_word' id='word_1_2' title='bbox 747 191 842 218; x_wconf 74' lang='lat' dir='ltr'>ACTA</span> <span class='ocrx_word' id='word_1_3' title='bbox 863 190 975 216; x_wconf 53' lang='grc' dir='ltr'>ΗΕΘΜ</span> <span class='ocrx_word' id='word_1_4' title='bbox 995 188 1177 215; x_wconf 79' lang='lat' dir='ltr'>LUDEWICI</span> <span class='ocrx_word' id='word_1_5' title='bbox 1197 188 1244 214; x_wconf 78' lang='lat' dir='ltr'>iv,</span> <span class='ocrx_word' id='word_1_6' title='bbox 1282 187 1356 215; x_wconf 78' lang='lat'>1:330.</span> <span class='ocrx_word' id='word_1_7' title='bbox 1392 187 1439 213; x_wconf 51' lang='grc' dir='ltr'>ΝΥ.</span> <span class='ocrx_word' id='word_1_8' title='bbox 1453 187 1511 213; x_wconf 77' lang='lat'><strong>822.</strong></span> <span class='ocrx_word' id='word_1_9' title='bbox 1530 187 1588 214; x_wconf 75' lang='lat'>823.</span> <span class='ocrx_word' id='word_1_10' title='bbox 1607 187 1666 213; x_wconf 77' lang='lat'>824.</span> 
     </span>
    </p>
   </div>
   <div class='ocr_carea' id='block_1_2' title="bbox 378 272 2073 1085">
    <p class='ocr_par' dir='ltr' id='par_1_2' title="bbox 378 272 2073 1085">
     <span class='ocr_line' id='line_1_2' title="bbox 384 272 2026 321; baseline -0.004 -12"><span class='ocrx_word' id='word_1_11' title='bbox 384 281 493 321; x_wconf 77' lang='lat' dir='ltr'>procul</span> <span class='ocrx_word' id='word_1_12' title='bbox 519 280 615 309; x_wconf 79' lang='lat' dir='ltr'>‹lubio</span> <span class='ocrx_word' id='word_1_13' title='bbox 640 277 794 318; x_wconf 78' lang='lat' dir='ltr'>reperies,</span> <span class='ocrx_word' id='word_1_14' title='bbox 829 276 914 317; x_wconf 87' lang='lat' dir='ltr'>quod</span> <span class='ocrx_word' id='word_1_15' title='bbox 946 279 977 306; x_wconf 94' lang='lat' dir='ltr'>te</span> <span class='ocrx_word' id='word_1_16' title='bbox 1006 279 1073 305; x_wconf 89' lang='lat' dir='ltr'>toto</span> <span class='ocrx_word' id='word_1_17' title='bbox 1103 277 1156 305; x_wconf 90' lang='lat' dir='ltr'>tuo</span> <span class='ocrx_word' id='word_1_18' title='bbox 1186 274 1378 314; x_wconf 89' lang='lat' dir='ltr'>patrimonio</span> <span class='ocrx_word' id='word_1_19' title='bbox 1407 273 1578 314; x_wconf 78' lang='lat' dir='ltr'>spoliatum</span> <span class='ocrx_word' id='word_1_20' title='bbox 1605 272 1737 304; x_wconf 81' lang='lat' dir='ltr'>tenebat</span> <span class='ocrx_word' id='word_1_21' title='bbox 1761 276 1806 310; x_wconf 59' lang='lat' dir='ltr'>et,</span> <span class='ocrx_word' id='word_1_22' title='bbox 1838 276 1872 304; x_wconf 94' lang='lat' dir='ltr'>ut</span> <span class='ocrx_word' id='word_1_23' title='bbox 1895 273 2026 304; x_wconf 86' lang='lat' dir='ltr'>indubie</span> 
     </span>
     <span class='ocr_line' id='line_1_3' title="bbox 381 324 2027 365; baseline -0.004 -3"><span class='ocrx_word' id='word_1_24' title='bbox 381 331 554 363; x_wconf 65' lang='lat' dir='ltr'>oredimus,</span> <span class='ocrx_word' id='word_1_25' title='bbox 587 330 612 359; x_wconf 91' lang='lat' dir='ltr'>si</span> <span class='ocrx_word' id='word_1_26' title='bbox 646 329 730 359; x_wconf 83' lang='lat' dir='ltr'>facta</span> <span class='ocrx_word' id='word_1_27' title='bbox 764 327 822 358; x_wconf 85' lang='lat' dir='ltr'>sibi</span> <span class='ocrx_word' id='word_1_28' title='bbox 857 327 1083 357; x_wconf 70' lang='lat' dir='ltr'>successissent</span> <span class='ocrx_word' id='word_1_29' title='bbox 1113 325 1154 356; x_wconf 85' lang='lat' dir='ltr'>ad</span> <span class='ocrx_word' id='word_1_30' title='bbox 1188 328 1312 364; x_wconf 74' lang='lat' dir='ltr'>votum,</span> <span class='ocrx_word' id='word_1_31' title='bbox 1348 324 1472 355; x_wconf 73' lang='lat' dir='ltr'>adhuc³</span> <span class='ocrx_word' id='word_1_32' title='bbox 1505 328 1535 356; x_wconf 90' lang='lat' dir='ltr'>te</span> <span class='ocrx_word' id='word_1_33' title='bbox 1571 328 1695 356; x_wconf 87' lang='lat' dir='ltr'>teneret</span> <span class='ocrx_word' id='word_1_34' title='bbox 1730 329 1762 355; x_wconf 90' lang='lat' dir='ltr'>et</span> <span class='ocrx_word' id='word_1_35' title='bbox 1797 325 1823 355; x_wconf 88' lang='lat' dir='ltr'>si</span> <span class='ocrx_word' id='word_1_36' title='bbox 1855 335 2027 365; x_wconf 75' lang='lat' dir='ltr'>successus,</span> 
     </span>
     <span class='ocr_line' id='line_1_4' title="bbox 382 375 2027 423; baseline -0.003 -12"><span class='ocrx_word' id='word_1_37' title='bbox 382 382 465 423; x_wconf 80' lang='lat' dir='ltr'>quod</span> <span class='ocrx_word' id='word_1_38' title='bbox 490 381 637 412; x_wconf 81' lang='lat' dir='ltr'>advertat</span> <span class='ocrx_word' id='word_1_39' title='bbox 659 380 825 414; x_wconf 74' lang='lat' dir='ltr'>Dominus,</span> <span class='ocrx_word' id='word_1_40' title='bbox 850 378 984 408; x_wconf 87' lang='lat' dir='ltr'>haberet</span> <span class='ocrx_word' id='word_1_41' title='bbox 1008 387 1189 418; x_wconf 76' lang='lat' dir='ltr'>prosperos,</span> <span class='ocrx_word' id='word_1_42' title='bbox 1216 376 1259 407; x_wconf 93' lang='lat' dir='ltr'>nil</span> <span class='ocrx_word' id='word_1_43' title='bbox 1284 379 1394 407; x_wconf 86' lang='lat' dir='ltr'>contra</span> <span class='ocrx_word' id='word_1_44' title='bbox 1418 379 1449 407; x_wconf 89' lang='lat' dir='ltr'>te</span> <span class='ocrx_word' id='word_1_45' title='bbox 1474 376 1559 412; x_wconf 82' lang='lat' dir='ltr'>feeit,</span> <span class='ocrx_word' id='word_1_46' title='bbox 1584 376 1659 416; x_wconf 91' lang='lat' dir='ltr'>quin</span> <span class='ocrx_word' id='word_1_47' title='bbox 1682 375 1786 407; x_wconf 85' lang='lat' dir='ltr'>adhuc</span> <span class='ocrx_word' id='word_1_48' title='bbox 1810 376 1930 407; x_wconf 86' lang='lat' dir='ltr'>faceret</span> <span class='ocrx_word' id='word_1_49' title='bbox 1955 386 2027 417; x_wconf 84' lang='lat' dir='ltr'>gra-</span> 
     </span>
     <span class='ocr_line' id='line_1_5' title="bbox 378 427 2028 471; baseline -0.003 -9"><span class='ocrx_word' id='word_1_50' title='bbox 378 434 475 463; x_wconf 73' lang='lat' dir='ltr'>viora.</span> <span class='ocrx_word' id='word_1_51' title='bbox 523 432 555 462; x_wconf 78' lang='lat' dir='ltr'>Si</span> <span class='ocrx_word' id='word_1_52' title='bbox 580 436 686 462; x_wconf 78' lang='lat' dir='ltr'>autem</span> <span class='ocrx_word' id='word_1_53' title='bbox 711 441 805 471; x_wconf 90' lang='lat' dir='ltr'>quam</span> <span class='ocrx_word' id='word_1_54' title='bbox 830 430 951 460; x_wconf 86' lang='lat' dir='ltr'>sincere</span> <span class='ocrx_word' id='word_1_55' title='bbox 977 428 1112 459; x_wconf 85' lang='lat' dir='ltr'>ecclesia</span> <span class='ocrx_word' id='word_1_56' title='bbox 1136 431 1167 458; x_wconf 86' lang='lat' dir='ltr'>te</span> <span class='ocrx_word' id='word_1_57' title='bbox 1192 428 1377 458; x_wconf 80' lang='lat' dir='ltr'>tractaverit</span> <span class='ocrx_word' id='word_1_58' title='bbox 1400 437 1560 468; x_wconf 86' lang='lat' dir='ltr'>quamque</span> <span class='ocrx_word' id='word_1_59' title='bbox 1584 427 1709 458; x_wconf 86' lang='lat' dir='ltr'>solicita</span> <span class='ocrx_word' id='word_1_60' title='bbox 1732 427 1838 466; x_wconf 77' lang='lat' dir='ltr'>fuerit,</span> <span class='ocrx_word' id='word_1_61' title='bbox 1862 430 1895 458; x_wconf 92' lang='lat' dir='ltr'>ut</span> <span class='ocrx_word' id='word_1_62' title='bbox 1919 430 2028 468; x_wconf 88' lang='lat' dir='ltr'>posset</span> 
     </span>
     <span class='ocr_line' id='line_1_6' title="bbox 380 478 2069 519; baseline -0.004 -5"><span class='ocrx_word' id='word_1_63' title='bbox 380 483 502 514; x_wconf 86' lang='lat' dir='ltr'>restitui</span> <span class='ocrx_word' id='word_1_64' title='bbox 531 485 632 512; x_wconf 81' lang='lat' dir='ltr'>status</span> <span class='ocrx_word' id='word_1_65' title='bbox 660 485 745 517; x_wconf 72' lang='lat' dir='ltr'>tuus,</span> <span class='ocrx_word' id='word_1_66' title='bbox 777 480 1013 515; x_wconf 74' lang='lat' dir='ltr'>considerasses</span> <span class='ocrx_word' id='word_1_67' title='bbox 1037 482 1174 515; x_wconf 74' lang='lat' dir='ltr'>attente,</span> <span class='ocrx_word' id='word_1_68' title='bbox 1199 478 1342 519; x_wconf 87' lang='lat' dir='ltr'>profecto</span> <span class='ocrx_word' id='word_1_69' title='bbox 1367 479 1541 518; x_wconf 86' lang='lat' dir='ltr'>credimus,</span> <span class='ocrx_word' id='word_1_70' title='bbox 1567 478 1651 519; x_wconf 89' lang='lat' dir='ltr'>quod</span> <span class='ocrx_word' id='word_1_71' title='bbox 1675 488 1738 509; x_wconf 87' lang='lat' dir='ltr'>non</span> <span class='ocrx_word' id='word_1_72' title='bbox 1761 478 1805 509; x_wconf 85' lang='lat' dir='ltr'>sic</span> <span class='ocrx_word' id='word_1_73' title='bbox 1833 478 1952 518; x_wconf 84' lang='lat' dir='ltr'>subito⁷</span> <span class='ocrx_word' id='word_1_74' title='bbox 1983 479 2027 510; x_wconf 85' lang='lat' dir='ltr'>sic</span> <span class='ocrx_word' id='word_1_75' title='bbox 2057 489 2069 507; x_wconf 84' lang='lat'><strong>5</strong></span> 
     </span>
     <span class='ocr_line' id='line_1_7' title="bbox 380 529 2028 575; baseline -0.003 -10"><span class='ocrx_word' id='word_1_76' title='bbox 380 538 512 575; x_wconf 85' lang='lat' dir='ltr'>repente</span> <span class='ocrx_word' id='word_1_77' title='bbox 541 533 599 564; x_wconf 78' lang='lat' dir='ltr'>sibi</span> <span class='ocrx_word' id='word_1_78' title='bbox 629 537 754 573; x_wconf 77' lang='lat' dir='ltr'>tergun]</span> <span class='ocrx_word' id='word_1_79' title='bbox 785 535 816 562; x_wconf 88' lang='lat' dir='ltr'>et</span> <span class='ocrx_word' id='word_1_80' title='bbox 845 542 906 562; x_wconf 92' lang='lat' dir='ltr'>non</span> <span class='ocrx_word' id='word_1_81' title='bbox 935 531 1051 561; x_wconf 84' lang='lat' dir='ltr'>faciem</span> <span class='ocrx_word' id='word_1_82' title='bbox 1082 530 1229 560; x_wconf 82' lang='lat' dir='ltr'>vertere¹</span> <span class='ocrx_word' id='word_1_83' title='bbox 1261 533 1498 570; x_wconf 83' lang='lat' dir='ltr'>attemptasses.</span> <span class='ocrx_word' id='word_1_84' title='bbox 1557 529 1640 561; x_wconf 81' lang='lat' dir='ltr'>Sane</span> <span class='ocrx_word' id='word_1_85' title='bbox 1670 530 1744 571; x_wconf 86' lang='lat' dir='ltr'>quia</span> <span class='ocrx_word' id='word_1_86' title='bbox 1777 529 1949 560; x_wconf 88' lang='lat' dir='ltr'>humanum</span> <span class='ocrx_word' id='word_1_87' title='bbox 1980 532 2028 560; x_wconf 87' lang='lat' dir='ltr'>est</span> 
     </span>
     <span class='ocr_line' id='line_1_8' title="bbox 380 581 2027 626; baseline -0.003 -10"><span class='ocrx_word' id='word_1_88' title='bbox 380 595 524 626; x_wconf 71' lang='lat' dir='ltr'>peccare,</span> <span class='ocrx_word' id='word_1_89' title='bbox 550 584 743 615; x_wconf 86' lang='lat' dir='ltr'>diabolicum</span> <span class='ocrx_word' id='word_1_90' title='bbox 762 593 835 613; x_wconf 81' lang='lat' dir='ltr'>vero</span> <span class='ocrx_word' id='word_1_91' title='bbox 861 592 1079 623; x_wconf 86' lang='lat' dir='ltr'>perseverare,</span> <span class='ocrx_word' id='word_1_92' title='bbox 1103 592 1160 612; x_wconf 88' lang='lat' dir='ltr'>nos</span> <span class='ocrx_word' id='word_1_93' title='bbox 1185 581 1237 622; x_wconf 92' lang='lat' dir='ltr'>qui</span> <span class='ocrx_word' id='word_1_94' title='bbox 1262 585 1396 622; x_wconf 84' lang='lat' dir='ltr'>paterno</span> <span class='ocrx_word' id='word_1_95' title='bbox 1420 591 1509 612; x_wconf 87' lang='lat' dir='ltr'>more</span> <span class='ocrx_word' id='word_1_96' title='bbox 1534 581 1670 612; x_wconf 88' lang='lat' dir='ltr'>salutem</span> <span class='ocrx_word' id='word_1_97' title='bbox 1695 581 1830 612; x_wconf 88' lang='lat' dir='ltr'>filiorum</span> <span class='ocrx_word' id='word_1_98' title='bbox 1855 582 2027 622; x_wconf 83' lang='lat' dir='ltr'>querimus,</span> 
     </span>
     <span class='ocr_line' id='line_1_9' title="bbox 379 632 2027 676; baseline -0.003 -9"><span class='ocrx_word' id='word_1_99' title='bbox 379 638 453 667; x_wconf 88' lang='lat' dir='ltr'>lieet</span> <span class='ocrx_word' id='word_1_100' title='bbox 476 636 567 666; x_wconf 84' lang='lat' dir='ltr'>nobis</span> <span class='ocrx_word' id='word_1_101' title='bbox 592 635 778 676; x_wconf 84' lang='lat' dir='ltr'>frequenter</span> <span class='ocrx_word' id='word_1_102' title='bbox 801 634 940 664; x_wconf 78' lang='lat' dir='ltr'>existant</span> <span class='ocrx_word' id='word_1_103' title='bbox 962 633 1089 674; x_wconf 76' lang='lat' dir='ltr'>ingrati,</span> <span class='ocrx_word' id='word_1_104' title='bbox 1113 632 1298 672; x_wconf 87' lang='lat' dir='ltr'>no(bilitati)</span> <span class='ocrx_word' id='word_1_105' title='bbox 1323 632 1403 673; x_wconf 86' lang='lat' dir='ltr'>t(ue)</span> <span class='ocrx_word' id='word_1_106' title='bbox 1429 642 1505 663; x_wconf 89' lang='lat' dir='ltr'>sano</span> <span class='ocrx_word' id='word_1_107' title='bbox 1530 632 1659 662; x_wconf 88' lang='lat' dir='ltr'>consilio</span> <span class='ocrx_word' id='word_1_108' title='bbox 1684 633 1869 672; x_wconf 75' lang='lat' dir='ltr'>suademus,</span> <span class='ocrx_word' id='word_1_109' title='bbox 1893 635 1929 663; x_wconf 88' lang='lat' dir='ltr'>ut</span> <span class='ocrx_word' id='word_1_110' title='bbox 1952 642 2027 663; x_wconf 86' lang='lat' dir='ltr'>con·</span> 
     </span>
     <span class='ocr_line' id='line_1_10' title="bbox 380 683 2027 726; baseline -0.002 -8"><span class='ocrx_word' id='word_1_111' title='bbox 380 688 557 718; x_wconf 81' lang='lat' dir='ltr'>sidcrantcr</span> <span class='ocrx_word' id='word_1_112' title='bbox 580 686 759 719; x_wconf 74' lang='lat' dir='ltr'>attendens,</span> <span class='ocrx_word' id='word_1_113' title='bbox 785 686 911 726; x_wconf 90' lang='lat' dir='ltr'>quantis</span> <span class='ocrx_word' id='word_1_114' title='bbox 935 688 966 714; x_wconf 89' lang='lat' dir='ltr'>te</span> <span class='ocrx_word' id='word_1_115' title='bbox 988 683 1138 724; x_wconf 83' lang='lat' dir='ltr'>periculis</span> <span class='ocrx_word' id='word_1_116' title='bbox 1154 684 1353 715; x_wconf 88' lang='lat' dir='ltr'>inmiscueris</span> <span class='ocrx_word' id='word_1_117' title='bbox 1376 694 1435 724; x_wconf 85' lang='lat' dir='ltr'>per</span> <span class='ocrx_word' id='word_1_118' title='bbox 1453 683 1598 724; x_wconf 87' lang='lat' dir='ltr'>predicta</span> <span class='ocrx_word' id='word_1_119' title='bbox 1616 684 1805 724; x_wconf 85' lang='lat' dir='ltr'>quantisque</span> <span class='ocrx_word' id='word_1_120' title='bbox 1829 684 1919 724; x_wconf 87' lang='lat' dir='ltr'>penis</span> <span class='ocrx_word' id='word_1_121' title='bbox 1944 687 2027 714; x_wconf 87' lang='lat' dir='ltr'>eter-</span> 
     </span>
     <span class='ocr_line' id='line_1_11' title="bbox 379 734 2072 778; baseline -0.002 -9"><span class='ocrx_word' id='word_1_122' title='bbox 379 740 427 769; x_wconf 80' lang='lat' dir='ltr'>nis</span> <span class='ocrx_word' id='word_1_123' title='bbox 452 741 483 769; x_wconf 89' lang='lat' dir='ltr'>et</span> <span class='ocrx_word' id='word_1_124' title='bbox 507 738 736 778; x_wconf 81' lang='lat' dir='ltr'>temporalibus</span> <span class='ocrx_word' id='word_1_125' title='bbox 761 740 791 767; x_wconf 89' lang='lat' dir='ltr'>te</span> <span class='ocrx_word' id='word_1_126' title='bbox 816 736 967 774; x_wconf 73' lang='lat' dir='ltr'>subicies,</span> <span class='ocrx_word' id='word_1_127' title='bbox 997 736 1022 765; x_wconf 87' lang='lat' dir='ltr'>si</span> <span class='ocrx_word' id='word_1_128' title='bbox 1046 745 1108 765; x_wconf 89' lang='lat' dir='ltr'>non</span> <span class='ocrx_word' id='word_1_129' title='bbox 1133 735 1217 765; x_wconf 87' lang='lat' dir='ltr'>facto</span> <span class='ocrx_word' id='word_1_130' title='bbox 1242 735 1412 775; x_wconf 83' lang='lat' dir='ltr'>resipueris</span> <span class='ocrx_word' id='word_1_131' title='bbox 1441 734 1481 765; x_wconf 87' lang='lat' dir='ltr'>ab</span> <span class='ocrx_word' id='word_1_132' title='bbox 1506 734 1644 773; x_wconf 86' lang='lat' dir='ltr'>eisdem,</span> <span class='ocrx_word' id='word_1_133' title='bbox 1672 738 1704 765; x_wconf 89' lang='lat' dir='ltr'>te</span> <span class='ocrx_word' id='word_1_134' title='bbox 1732 734 1772 764; x_wconf 88' lang='lat' dir='ltr'>ab</span> <span class='ocrx_word' id='word_1_135' title='bbox 1800 735 1854 765; x_wconf 94' lang='lat' dir='ltr'>illo</span> <span class='ocrx_word' id='word_1_136' title='bbox 1883 735 2027 766; x_wconf 90' lang='lat' dir='ltr'>membro</span> <span class='ocrx_word' id='word_1_137' title='bbox 2048 747 2072 766; x_wconf 81' lang='grc' dir='ltr'>ιο</span> 
     </span>
     <span class='ocr_line' id='line_1_12' title="bbox 379 785 2030 830; baseline -0.002 -10"><span class='ocrx_word' id='word_1_138' title='bbox 379 791 512 821; x_wconf 78' lang='lat' dir='ltr'>sathane</span> <span class='ocrx_word' id='word_1_139' title='bbox 537 799 686 830; x_wconf 84' lang='lat' dir='ltr'>separare</span> <span class='ocrx_word' id='word_1_140' title='bbox 710 799 771 819; x_wconf 87' lang='lat' dir='ltr'>non</span> <span class='ocrx_word' id='word_1_141' title='bbox 797 787 937 825; x_wconf 72' lang='lat' dir='ltr'>differas,</span> <span class='ocrx_word' id='word_1_142' title='bbox 962 797 1001 817; x_wconf 88' lang='lat' dir='ltr'>ne</span> <span class='ocrx_word' id='word_1_143' title='bbox 1027 786 1188 827; x_wconf 78' lang='lat' dir='ltr'>particeps</span> <span class='ocrx_word' id='word_1_144' title='bbox 1209 786 1339 817; x_wconf 84' lang='lat' dir='ltr'>sceleris</span> <span class='ocrx_word' id='word_1_145' title='bbox 1364 787 1432 817; x_wconf 89' lang='lat' dir='ltr'>eius</span> <span class='ocrx_word' id='word_1_146' title='bbox 1456 787 1523 826; x_wconf 83' lang='lat' dir='ltr'>fias,</span> <span class='ocrx_word' id='word_1_147' title='bbox 1548 796 1607 817; x_wconf 89' lang='lat' dir='ltr'>nec</span> <span class='ocrx_word' id='word_1_148' title='bbox 1631 785 1671 816; x_wconf 89' lang='lat' dir='ltr'>ad</span> <span class='ocrx_word' id='word_1_149' title='bbox 1689 786 1794 817; x_wconf 90' lang='lat' dir='ltr'>Deum</span> <span class='ocrx_word' id='word_1_150' title='bbox 1811 796 1921 817; x_wconf 88' lang='lat' dir='ltr'>verum</span> <span class='ocrx_word' id='word_1_151' title='bbox 1947 786 2030 817; x_wconf 90' lang='lat' dir='ltr'>eius-</span> 
     </span>
     <span class='ocr_line' id='line_1_13' title="bbox 381 836 2031 882; baseline -0.002 -11"><span class='ocrx_word' id='word_1_152' title='bbox 381 852 441 882; x_wconf 86' lang='lat' dir='ltr'>que</span> <span class='ocrx_word' id='word_1_153' title='bbox 465 851 615 882; x_wconf 82' lang='lat' dir='ltr'>sponsam</span> <span class='ocrx_word' id='word_1_154' title='bbox 639 843 781 871; x_wconf 86' lang='lat' dir='ltr'>sanctam</span> <span class='ocrx_word' id='word_1_155' title='bbox 807 839 977 870; x_wconf 81' lang='lat' dir='ltr'>ecclesiam</span> <span class='ocrx_word' id='word_1_156' title='bbox 1002 838 1193 868; x_wconf 75' lang='lat' dir='ltr'>catholicam</span> <span class='ocrx_word' id='word_1_157' title='bbox 1218 839 1336 868; x_wconf 85' lang='lat' dir='ltr'>reverti</span> <span class='ocrx_word' id='word_1_158' title='bbox 1367 838 1510 877; x_wconf 83' lang='lat' dir='ltr'>differas,</span> <span class='ocrx_word' id='word_1_159' title='bbox 1539 848 1578 868; x_wconf 88' lang='lat' dir='ltr'>ne</span> <span class='ocrx_word' id='word_1_160' title='bbox 1603 837 1708 868; x_wconf 84' lang='lat' dir='ltr'>forsan</span> <span class='ocrx_word' id='word_1_161' title='bbox 1733 838 1757 867; x_wconf 89' lang='lat' dir='ltr'>si</span> <span class='ocrx_word' id='word_1_162' title='bbox 1782 837 1897 868; x_wconf 89' lang='lat' dir='ltr'>feceris</span> <span class='ocrx_word' id='word_1_163' title='bbox 1927 836 2031 868; x_wconf 85' lang='lat' dir='ltr'>subito</span> 
     </span>
     <span class='ocr_line' id='line_1_14' title="bbox 381 889 2030 933; baseline -0.002 -10"><span class='ocrx_word' id='word_1_164' title='bbox 381 897 412 923; x_wconf 87' lang='lat' dir='ltr'>te</span> <span class='ocrx_word' id='word_1_165' title='bbox 436 892 615 933; x_wconf 83' lang='lat' dir='ltr'>disperdat,</span> <span class='ocrx_word' id='word_1_166' title='bbox 646 891 702 922; x_wconf 85' lang='lat' dir='ltr'>sed</span> <span class='ocrx_word' id='word_1_167' title='bbox 727 891 828 931; x_wconf 88' lang='lat' dir='ltr'>ruptis</span> <span class='ocrx_word' id='word_1_168' title='bbox 852 891 987 921; x_wconf 85' lang='lat' dir='ltr'>cuiusvis</span> <span class='ocrx_word' id='word_1_169' title='bbox 1012 900 1099 921; x_wconf 89' lang='lat' dir='ltr'>more</span> <span class='ocrx_word' id='word_1_170' title='bbox 1123 889 1257 920; x_wconf 85' lang='lat' dir='ltr'>vinculis</span> <span class='ocrx_word' id='word_1_171' title='bbox 1280 889 1321 920; x_wconf 84' lang='lat' dir='ltr'>ad</span> <span class='ocrx_word' id='word_1_172' title='bbox 1345 889 1452 930; x_wconf 84' lang='lat' dir='ltr'>ipsosb</span> <span class='ocrx_word' id='word_1_173' title='bbox 1476 892 1606 930; x_wconf 83' lang='lat' dir='ltr'>paratos</span> <span class='ocrx_word' id='word_1_174' title='bbox 1630 890 1774 930; x_wconf 86' lang='lat' dir='ltr'>recipere</span> <span class='ocrx_word' id='word_1_175' title='bbox 1798 892 1830 919; x_wconf 87' lang='lat' dir='ltr'>te</span> <span class='ocrx_word' id='word_1_176' title='bbox 1854 891 2030 919; x_wconf 86' lang='lat' dir='ltr'>convertas.</span> 
     </span>
     <span class='ocr_line' id='line_1_15' title="bbox 381 941 2030 983; baseline -0.002 -9"><span class='ocrx_word' id='word_1_177' title='bbox 381 944 493 974; x_wconf 82' lang='lat' dir='ltr'>Gratia</span> <span class='ocrx_word' id='word_1_178' title='bbox 526 943 653 973; x_wconf 89' lang='lat' dir='ltr'>Domini</span> <span class='ocrx_word' id='word_1_179' title='bbox 686 942 725 973; x_wconf 88' lang='lat' dir='ltr'>de</span> <span class='ocrx_word' id='word_1_180' title='bbox 761 942 917 982; x_wconf 88' lang='lat' dir='ltr'>periculo,</span> <span class='ocrx_word' id='word_1_181' title='bbox 952 943 982 972; x_wconf 92' lang='lat' dir='ltr'>in</span> <span class='ocrx_word' id='word_1_182' title='bbox 1016 952 1078 983; x_wconf 91' lang='lat' dir='ltr'>quo</span> <span class='ocrx_word' id='word_1_183' title='bbox 1103 942 1259 972; x_wconf 80' lang='lat' dir='ltr'>corruisse</span> <span class='ocrx_word' id='word_1_184' title='bbox 1295 941 1424 978; x_wconf 85' lang='lat' dir='ltr'>diceris,</span> <span class='ocrx_word' id='word_1_185' title='bbox 1459 944 1490 972; x_wconf 89' lang='lat' dir='ltr'>te</span> <span class='ocrx_word' id='word_1_186' title='bbox 1518 941 1633 981; x_wconf 88' lang='lat' dir='ltr'>eripiat</span> <span class='ocrx_word' id='word_1_187' title='bbox 1657 941 1708 972; x_wconf 86' lang='lat' dir='ltr'>vel</span> <span class='ocrx_word' id='word_1_188' title='bbox 1736 942 1760 970; x_wconf 91' lang='lat' dir='ltr'>si</span> <span class='ocrx_word' id='word_1_189' title='bbox 1790 951 1851 971; x_wconf 93' lang='lat' dir='ltr'>non</span> <span class='ocrx_word' id='word_1_190' title='bbox 1876 941 2030 979; x_wconf 80' lang='lat' dir='ltr'>corruisti,</span> 
     </span>
     <span class='ocr_line' id='line_1_16' title="bbox 382 997 2073 1026; baseline -0.002 -1"><span class='ocrx_word' id='word_1_191' title='bbox 382 1006 421 1026; x_wconf 91' lang='lat' dir='ltr'>ne</span> <span class='ocrx_word' id='word_1_192' title='bbox 446 1005 574 1026; x_wconf 85' lang='lat' dir='ltr'>corruas</span> <span class='ocrx_word' id='word_1_193' title='bbox 598 998 629 1025; x_wconf 87' lang='lat' dir='ltr'>te</span> <span class='ocrx_word' id='word_1_194' title='bbox 654 997 822 1024; x_wconf 83' lang='lat' dir='ltr'>conservet</span> <span class='ocrx_word' id='word_1_195' title='bbox 845 1004 949 1024; x_wconf 89' lang='lat' dir='ltr'>amen.</span> <span class='ocrx_word' id='word_1_196' title='bbox 2050 1002 2073 1021; x_wconf 66' lang='grc' dir='ltr'>ιε</span> 
     </span>
     <span class='ocr_line' id='line_1_17' title="bbox 491 1043 1529 1085; baseline -0.003 -9"><span class='ocrx_word' id='word_1_197' title='bbox 491 1045 564 1076; x_wconf 84' lang='lat' dir='ltr'>Dat.</span> <span class='ocrx_word' id='word_1_198' title='bbox 589 1045 784 1083; x_wconf 72' lang='lat' dir='ltr'>Avinion(e),</span> <span class='ocrx_word' id='word_1_199' title='bbox 810 1044 870 1074; x_wconf 90' lang='grc' dir='ltr'><strong>ΙΙΙ.</strong></span> <span class='ocrx_word' id='word_1_200' title='bbox 889 1044 971 1075; x_wconf 86' lang='lat' dir='ltr'>Non.</span> <span class='ocrx_word' id='word_1_201' title='bbox 996 1044 1144 1085; x_wconf 70' lang='lat' dir='ltr'>Augusti,</span> <span class='ocrx_word' id='word_1_202' title='bbox 1169 1054 1251 1074; x_wconf 85' lang='lat' dir='ltr'>anno</span> <span class='ocrx_word' id='word_1_203' title='bbox 1277 1043 1529 1084; x_wconf 86' lang='lat' dir='ltr'>quartodecimo.</span> 
     </span>
    </p>
   </div>
   <div class='ocr_carea' id='block_1_3' title="bbox 588 1166 1838 1209">
    <p class='ocr_par' dir='ltr' id='par_1_3' title="bbox 588 1166 1838 1209">
     <span class='ocr_line' id='line_1_18' title="bbox 588 1166 1838 1209; baseline -0.002 -7"><span class='ocrx_word' id='word_1_204' title='bbox 588 1167 674 1203; x_wconf 69' lang='lat'>823.</span> <span class='ocrx_word' id='word_1_205' title='bbox 718 1167 872 1201; x_wconf 71' lang='lat' dir='ltr'>Litterae</span> <span class='ocrx_word' id='word_1_206' title='bbox 901 1168 947 1201; x_wconf 71' lang='lat' dir='ltr'>ml</span> <span class='ocrx_word' id='word_1_207' title='bbox 976 1167 1160 1201; x_wconf 55' lang='lat' dir='ltr'>Galacum</span> <span class='ocrx_word' id='word_1_208' title='bbox 1187 1167 1339 1201; x_wconf 67' lang='lat' dir='ltr'>comitem</span> <span class='ocrx_word' id='word_1_209' title='bbox 1367 1167 1407 1201; x_wconf 75' lang='lat' dir='ltr'>de</span> <span class='ocrx_word' id='word_1_210' title='bbox 1434 1166 1588 1201; x_wconf 71' lang='lat' dir='ltr'>Nus-5020.</span> <span class='ocrx_word' id='word_1_211' title='bbox 1694 1166 1784 1209; x_wconf 63' lang='lat' dir='ltr'>Acts).</span> <span class='ocrx_word' id='word_1_212' title='bbox 1805 1166 1838 1199; x_wconf 82' lang='lat'>3.</span> 
     </span>
    </p>
   </div>
   <div class='ocr_carea' id='block_1_4' title="bbox 382 1239 2033 1332">
    <p class='ocr_par' dir='ltr' id='par_1_4' title="bbox 382 1239 2033 1332">
     <span class='ocr_line' id='line_1_19' title="bbox 492 1239 2033 1281; baseline -0.001 -9"><span class='ocrx_word' id='word_1_213' title='bbox 492 1242 590 1280; x_wconf 74' lang='lat' dir='ltr'>Copia</span> <span class='ocrx_word' id='word_1_214' title='bbox 620 1243 670 1279; x_wconf 50' lang='grc' dir='ltr'>(ι)</span> <span class='ocrx_word' id='word_1_215' title='bbox 702 1241 811 1272; x_wconf 61' lang='lat' dir='ltr'>ibidem</span> <span class='ocrx_word' id='word_1_216' title='bbox 839 1244 909 1272; x_wconf 80' lang='lat' dir='ltr'>tom.</span> <span class='ocrx_word' id='word_1_217' title='bbox 928 1241 1023 1271; x_wconf 70' lang='lat'><strong><em>1151!</em></strong></span> <span class='ocrx_word' id='word_1_218' title='bbox 1043 1240 1101 1281; x_wconf 83' lang='lat' dir='ltr'>fol.</span> <span class='ocrx_word' id='word_1_219' title='bbox 1120 1241 1180 1271; x_wconf 84' lang='lat'>171</span> <span class='ocrx_word' id='word_1_220' title='bbox 1209 1251 1256 1271; x_wconf 76' lang='lat' dir='ltr'>ur.</span> <span class='ocrx_word' id='word_1_221' title='bbox 1276 1241 1368 1270; x_wconf 78' lang='lat'><em>1967.</em></span> <span class='ocrx_word' id='word_1_222' title='bbox 1415 1239 1649 1279; x_wconf 73' lang='lat' dir='ltr'>Dcscripsimus</span> <span class='ocrx_word' id='word_1_223' title='bbox 1677 1249 1742 1271; x_wconf 72' lang='lat' dir='ltr'>uos.</span> <span class='ocrx_word' id='word_1_224' title='bbox 1766 1258 1807 1262; x_wconf 97' lang='lat'><strong>—</strong></span> <span class='ocrx_word' id='word_1_225' title='bbox 1831 1239 1890 1270; x_wconf 74' lang='lat' dir='ltr'>Ed.</span> <span class='ocrx_word' id='word_1_226' title='bbox 1910 1239 2033 1271; x_wconf 58' lang='lat' dir='ltr'>Riezler</span> 
     </span>
     <span class='ocr_line' id='line_1_20' title="bbox 382 1292 1113 1332; baseline 0 -9"><span class='ocrx_word' id='word_1_227' title='bbox 382 1293 400 1323; x_wconf 77' lang='lat' dir='ltr'>l.</span> <span class='ocrx_word' id='word_1_228' title='bbox 418 1303 442 1323; x_wconf 82' lang='lat' dir='ltr'>c.</span> <span class='ocrx_word' id='word_1_229' title='bbox 461 1303 496 1332; x_wconf 73' lang='lat' dir='ltr'>p.</span> <span class='ocrx_word' id='word_1_230' title='bbox 514 1293 576 1323; x_wconf 65' lang='lat'>477</span> <span class='ocrx_word' id='word_1_231' title='bbox 598 1302 647 1323; x_wconf 77' lang='lat' dir='ltr'>nr.</span> <span class='ocrx_word' id='word_1_232' title='bbox 666 1293 749 1322; x_wconf 80' lang='lat'><em>1373</em></span> <span class='ocrx_word' id='word_1_233' title='bbox 772 1302 810 1323; x_wconf 63' lang='lat' dir='ltr'>ea·</span> <span class='ocrx_word' id='word_1_234' title='bbox 827 1303 852 1323; x_wconf 88' lang='lat' dir='ltr'>c.</span> <span class='ocrx_word' id='word_1_235' title='bbox 877 1292 1113 1331; x_wconf 65' lang='lat' dir='ltr'>(decurtatam).</span> 
     </span>
    </p>
   </div>
   <div class='ocr_carea' id='block_1_5' title="bbox 385 1376 2075 1826">
    <p class='ocr_par' dir='ltr' id='par_1_5' title="bbox 491 1376 2075 1412">
     <span class='ocr_line' id='line_1_21' title="bbox 491 1376 2075 1412; baseline -0.001 -5"><span class='ocrx_word' id='word_1_236' title='bbox 491 1377 628 1408; x_wconf 75' lang='lat' dir='ltr'>Ger-laco</span> <span class='ocrx_word' id='word_1_237' title='bbox 653 1377 760 1407; x_wconf 88' lang='lat' dir='ltr'>comiti</span> <span class='ocrx_word' id='word_1_238' title='bbox 785 1377 824 1407; x_wconf 90' lang='lat' dir='ltr'>de</span> <span class='ocrx_word' id='word_1_239' title='bbox 849 1376 1011 1407; x_wconf 69' lang='lat' dir='ltr'>Nassawe.</span> <span class='ocrx_word' id='word_1_240' title='bbox 2050 1393 2075 1412; x_wconf 78' lang='lat'>20</span> 
     </span>
    </p>

    <p class='ocr_par' dir='ltr' id='par_1_6' title="bbox 385 1426 2075 1776">
     <span class='ocr_line' id='line_1_22' title="bbox 491 1426 2030 1469; baseline 0 -11"><span class='ocrx_word' id='word_1_241' title='bbox 491 1428 558 1458; x_wconf 83' lang='lat' dir='ltr'>Etsi</span> <span class='ocrx_word' id='word_1_242' title='bbox 583 1431 652 1459; x_wconf 75' lang='lat' dir='ltr'>etas</span> <span class='ocrx_word' id='word_1_243' title='bbox 677 1428 729 1458; x_wconf 89' lang='lat' dir='ltr'>dil.</span> <span class='ocrx_word' id='word_1_244' title='bbox 755 1428 795 1458; x_wconf 84' lang='lat' dir='ltr'>fil.</span> <span class='ocrx_word' id='word_1_245' title='bbox 822 1427 936 1458; x_wconf 84' lang='lat' dir='ltr'>nobilis</span> <span class='ocrx_word' id='word_1_246' title='bbox 965 1428 1023 1457; x_wconf 91' lang='lat' dir='ltr'>viri</span> <span class='ocrx_word' id='word_1_247' title='bbox 1047 1427 1181 1468; x_wconf 90' lang='lat' dir='ltr'>Roperti</span> <span class='ocrx_word' id='word_1_248' title='bbox 1210 1427 1334 1458; x_wconf 87' lang='lat' dir='ltr'>comitis</span> <span class='ocrx_word' id='word_1_249' title='bbox 1364 1427 1496 1468; x_wconf 87' lang='lat' dir='ltr'>palatini</span> <span class='ocrx_word' id='word_1_250' title='bbox 1519 1427 1602 1458; x_wconf 88' lang='lat' dir='ltr'>Reni</span> <span class='ocrx_word' id='word_1_251' title='bbox 1631 1426 1720 1457; x_wconf 87' lang='lat' dir='ltr'>ducis</span> <span class='ocrx_word' id='word_1_252' title='bbox 1744 1426 1880 1458; x_wconf 82' lang='lat' dir='ltr'>Bavarie</span> <span class='ocrx_word' id='word_1_253' title='bbox 1905 1427 2030 1469; x_wconf 87' lang='lat' dir='ltr'>culpam</span> 
     </span>
     <span class='ocr_line' id='line_1_23' title="bbox 385 1477 2030 1519; baseline 0.001 -10"><span class='ocrx_word' id='word_1_254' title='bbox 385 1482 546 1513; x_wconf 68' lang='lat' dir='ltr'>extenuet,</span> <span class='ocrx_word' id='word_1_255' title='bbox 572 1482 658 1509; x_wconf 88' lang='lat' dir='ltr'>tuam</span> <span class='ocrx_word' id='word_1_256' title='bbox 683 1483 790 1509; x_wconf 87' lang='lat' dir='ltr'>tamen</span> <span class='ocrx_word' id='word_1_257' title='bbox 816 1482 990 1509; x_wconf 88' lang='lat' dir='ltr'>extenuare</span> <span class='ocrx_word' id='word_1_258' title='bbox 1014 1489 1076 1508; x_wconf 91' lang='lat' dir='ltr'>non</span> <span class='ocrx_word' id='word_1_259' title='bbox 1100 1482 1214 1519; x_wconf 87' lang='lat' dir='ltr'>potest.</span> <span class='ocrx_word' id='word_1_260' title='bbox 1262 1477 1345 1509; x_wconf 86' lang='lat' dir='ltr'>Sane</span> <span class='ocrx_word' id='word_1_261' title='bbox 1370 1479 1444 1519; x_wconf 89' lang='lat' dir='ltr'>quia</span> <span class='ocrx_word' id='word_1_262' title='bbox 1469 1488 1530 1519; x_wconf 89' lang='lat' dir='ltr'>que</span> <span class='ocrx_word' id='word_1_263' title='bbox 1555 1478 1639 1509; x_wconf 81' lang='lat' dir='ltr'>facta</span> <span class='ocrx_word' id='word_1_264' title='bbox 1663 1482 1743 1517; x_wconf 87' lang='lat' dir='ltr'>suut,</span> <span class='ocrx_word' id='word_1_265' title='bbox 1774 1478 1886 1509; x_wconf 85' lang='lat' dir='ltr'>haberi</span> <span class='ocrx_word' id='word_1_266' title='bbox 1910 1489 2030 1519; x_wconf 88' lang='lat' dir='ltr'>neque-</span> 
     </span>
     <span class='ocr_line' id='line_1_24' title="bbox 385 1529 2031 1571; baseline 0.001 -11"><span class='ocrx_word' id='word_1_267' title='bbox 385 1535 441 1561; x_wconf 91' lang='lat' dir='ltr'>unt</span> <span class='ocrx_word' id='word_1_268' title='bbox 463 1541 520 1571; x_wconf 90' lang='lat' dir='ltr'>pro</span> <span class='ocrx_word' id='word_1_269' title='bbox 545 1530 680 1567; x_wconf 68' lang='lat' dir='ltr'>infactis,</span> <span class='ocrx_word' id='word_1_270' title='bbox 710 1541 772 1561; x_wconf 92' lang='lat' dir='ltr'>non</span> <span class='ocrx_word' id='word_1_271' title='bbox 802 1533 850 1560; x_wconf 84' lang='lat' dir='ltr'>est</span> <span class='ocrx_word' id='word_1_272' title='bbox 873 1530 956 1560; x_wconf 86' lang='lat' dir='ltr'>circa</span> <span class='ocrx_word' id='word_1_273' title='bbox 986 1530 1045 1560; x_wconf 89' lang='lat' dir='ltr'>hoc</span> <span class='ocrx_word' id='word_1_274' title='bbox 1077 1529 1299 1567; x_wconf 82' lang='lat' dir='ltr'>insistendum,</span> <span class='ocrx_word' id='word_1_275' title='bbox 1328 1529 1384 1560; x_wconf 89' lang='lat' dir='ltr'>sed</span> <span class='ocrx_word' id='word_1_276' title='bbox 1415 1534 1463 1560; x_wconf 90' lang='lat' dir='ltr'>est</span> <span class='ocrx_word' id='word_1_277' title='bbox 1487 1529 1592 1570; x_wconf 86' lang='lat' dir='ltr'>quoad</span> <span class='ocrx_word' id='word_1_278' title='bbox 1618 1539 1672 1569; x_wconf 82' lang='lat' dir='ltr'>ea,</span> <span class='ocrx_word' id='word_1_279' title='bbox 1704 1539 1765 1570; x_wconf 90' lang='lat' dir='ltr'>que</span> <span class='ocrx_word' id='word_1_280' title='bbox 1790 1539 1939 1570; x_wconf 87' lang='lat' dir='ltr'>perverse</span> <span class='ocrx_word' id='word_1_281' title='bbox 1959 1533 2031 1561; x_wconf 84' lang='lat' dir='ltr'>acta</span> 
     </span>
     <span class='ocr_line' id='line_1_25' title="bbox 385 1577 2031 1621; baseline 0.001 -11"><span class='ocrx_word' id='word_1_282' title='bbox 385 1585 464 1619; x_wconf 80' lang='lat' dir='ltr'>sunt,</span> <span class='ocrx_word' id='word_1_283' title='bbox 490 1583 578 1612; x_wconf 84' lang='lat' dir='ltr'>iuxta</span> <span class='ocrx_word' id='word_1_284' title='bbox 601 1581 754 1621; x_wconf 86' lang='lat' dir='ltr'>sapientis</span> <span class='ocrx_word' id='word_1_285' title='bbox 778 1581 942 1611; x_wconf 81' lang='lat' dir='ltr'>consilium</span> <span class='ocrx_word' id='word_1_286' title='bbox 968 1580 1147 1611; x_wconf 86' lang='lat' dir='ltr'>faciendum</span> <span class='ocrx_word' id='word_1_287' title='bbox 1173 1580 1321 1611; x_wconf 81' lang='lat' dir='ltr'>dicentis:</span> <span class='ocrx_word' id='word_1_288' title='bbox 1344 1577 1414 1617; x_wconf 75' lang='lat' dir='ltr'>‘fili,</span> <span class='ocrx_word' id='word_1_289' title='bbox 1440 1581 1592 1621; x_wconf 74' lang='lat' dir='ltr'>peccasti,</span> <span class='ocrx_word' id='word_1_290' title='bbox 1616 1591 1656 1611; x_wconf 89' lang='lat' dir='ltr'>ne</span> <span class='ocrx_word' id='word_1_291' title='bbox 1680 1580 1800 1611; x_wconf 86' lang='lat' dir='ltr'>adicias</span> <span class='ocrx_word' id='word_1_292' title='bbox 1824 1582 1949 1621; x_wconf 90' lang='lat' dir='ltr'>iterum,</span> <span class='ocrx_word' id='word_1_293' title='bbox 1975 1581 2031 1612; x_wconf 82' lang='lat' dir='ltr'>sed</span> 
     </span>
     <span class='ocr_line' id='line_1_26' title="bbox 387 1631 2075 1673; baseline 0.001 -11"><span class='ocrx_word' id='word_1_294' title='bbox 387 1632 426 1662; x_wconf 76' lang='lat' dir='ltr'>‹le</span> <span class='ocrx_word' id='word_1_295' title='bbox 450 1633 589 1672; x_wconf 80' lang='lat' dir='ltr'>pristinis</span> <span class='ocrx_word' id='word_1_296' title='bbox 614 1632 798 1673; x_wconf 76' lang='lat' dir='ltr'>deprecare,</span> <span class='ocrx_word' id='word_1_297' title='bbox 822 1636 857 1662; x_wconf 90' lang='lat' dir='ltr'>ut</span> <span class='ocrx_word' id='word_1_298' title='bbox 880 1631 1058 1662; x_wconf 82' lang='lat' dir='ltr'>dimittatur</span> <span class='ocrx_word' id='word_1_299' title='bbox 1083 1631 1184 1661; x_wconf 81' lang='lat' dir='ltr'>tibi’2.</span> <span class='ocrx_word' id='word_1_300' title='bbox 1231 1631 1279 1662; x_wconf 88' lang='lat' dir='ltr'>Ne</span> <span class='ocrx_word' id='word_1_301' title='bbox 1306 1631 1433 1662; x_wconf 82' lang='lat' dir='ltr'>differas</span> <span class='ocrx_word' id='word_1_302' title='bbox 1458 1633 1554 1672; x_wconf 88' lang='lat' dir='ltr'>igitur</span> <span class='ocrx_word' id='word_1_303' title='bbox 1577 1632 1730 1672; x_wconf 86' lang='lat' dir='ltr'>sapientis</span> <span class='ocrx_word' id='word_1_304' title='bbox 1753 1631 1931 1672; x_wconf 87' lang='lat' dir='ltr'>adimplere</span> <span class='ocrx_word' id='word_1_305' title='bbox 1956 1642 2030 1663; x_wconf 86' lang='lat' dir='ltr'>con·</span> <span class='ocrx_word' id='word_1_306' title='bbox 2050 1646 2075 1664; x_wconf 80' lang='lat'>25</span> 
     </span>
     <span class='ocr_line' id='line_1_27' title="bbox 385 1683 2031 1725; baseline 0.001 -12"><span class='ocrx_word' id='word_1_307' title='bbox 385 1683 498 1719; x_wconf 68' lang='lat' dir='ltr'>silium,</span> <span class='ocrx_word' id='word_1_308' title='bbox 523 1694 562 1714; x_wconf 90' lang='lat' dir='ltr'>ne</span> <span class='ocrx_word' id='word_1_309' title='bbox 587 1683 692 1714; x_wconf 78' lang='lat' dir='ltr'>forsan</span> <span class='ocrx_word' id='word_1_310' title='bbox 709 1684 734 1713; x_wconf 88' lang='lat' dir='ltr'>si</span> <span class='ocrx_word' id='word_1_311' title='bbox 759 1683 927 1721; x_wconf 78' lang='lat' dir='ltr'>distuleris,</span> <span class='ocrx_word' id='word_1_312' title='bbox 953 1683 1057 1713; x_wconf 83' lang='lat' dir='ltr'>subito</span> <span class='ocrx_word' id='word_1_313' title='bbox 1075 1683 1110 1723; x_wconf 62' lang='lat' dir='ltr'>is,</span> <span class='ocrx_word' id='word_1_314' title='bbox 1135 1683 1185 1715; x_wconf 88' lang='lat' dir='ltr'>cui</span> <span class='ocrx_word' id='word_1_315' title='bbox 1202 1683 1311 1713; x_wconf 85' lang='lat' dir='ltr'>subest</span> <span class='ocrx_word' id='word_1_316' title='bbox 1336 1693 1439 1723; x_wconf 68' lang='lat' dir='ltr'>posse,</span> <span class='ocrx_word' id='word_1_317' title='bbox 1465 1693 1535 1714; x_wconf 86' lang='lat' dir='ltr'>cum</span> <span class='ocrx_word' id='word_1_318' title='bbox 1553 1684 1719 1723; x_wconf 76' lang='lat' dir='ltr'>voluerit3,</span> <span class='ocrx_word' id='word_1_319' title='bbox 1744 1687 1775 1713; x_wconf 87' lang='lat' dir='ltr'>te</span> <span class='ocrx_word' id='word_1_320' title='bbox 1793 1683 1957 1725; x_wconf 85' lang='lat' dir='ltr'>disperdat</span> <span class='ocrx_word' id='word_1_321' title='bbox 1973 1693 2031 1715; x_wconf 90' lang='lat' dir='ltr'>nec</span> 
     </span>
     <span class='ocr_line' id='line_1_28' title="bbox 385 1734 1048 1776; baseline -0.002 -11"><span class='ocrx_word' id='word_1_322' title='bbox 385 1734 463 1765; x_wconf 89' lang='lat' dir='ltr'>illud</span> <span class='ocrx_word' id='word_1_323' title='bbox 488 1745 586 1776; x_wconf 85' lang='lat' dir='ltr'>queas</span> <span class='ocrx_word' id='word_1_324' title='bbox 604 1745 674 1765; x_wconf 88' lang='lat' dir='ltr'>cum</span> <span class='ocrx_word' id='word_1_325' title='bbox 699 1735 837 1765; x_wconf 74' lang='lat' dir='ltr'>volueris</span> <span class='ocrx_word' id='word_1_326' title='bbox 861 1734 1048 1774; x_wconf 78' lang='lat' dir='ltr'>adimplere.</span> 
     </span>
    </p>

    <p class='ocr_par' dir='ltr' id='par_1_7' title="bbox 495 1786 778 1826">
     <span class='ocr_line' id='line_1_29' title="bbox 495 1786 778 1826; baseline 0 -11"><span class='ocrx_word' id='word_1_327' title='bbox 495 1786 567 1816; x_wconf 78' lang='lat' dir='ltr'>Dat.</span> <span class='ocrx_word' id='word_1_328' title='bbox 593 1790 627 1816; x_wconf 88' lang='lat' dir='ltr'>ut</span> <span class='ocrx_word' id='word_1_329' title='bbox 651 1796 746 1826; x_wconf 83' lang='lat' dir='ltr'>supra</span> <span class='ocrx_word' id='word_1_330' title='bbox 756 1786 778 1815; x_wconf 80' lang='lat'>⁴.</span> 
     </span>
    </p>
   </div>
   <div class='ocr_carea' id='block_1_6' title="bbox 623 1906 1795 1954">
    <p class='ocr_par' dir='ltr' id='par_1_8' title="bbox 623 1906 1795 1954">
     <span class='ocr_line' id='line_1_30' title="bbox 623 1906 1795 1954; baseline 0.001 -13"><span class='ocrx_word' id='word_1_331' title='bbox 623 1906 708 1942; x_wconf 55' lang='lat'><strong>8⁹24.</strong></span> <span class='ocrx_word' id='word_1_332' title='bbox 750 1907 901 1942; x_wconf 67' lang='lat' dir='ltr'>Litterae</span> <span class='ocrx_word' id='word_1_333' title='bbox 929 1908 976 1941; x_wconf 70' lang='lat' dir='ltr'>ad</span> <span class='ocrx_word' id='word_1_334' title='bbox 1004 1909 1105 1942; x_wconf 69' lang='lat' dir='ltr'>«Iaces</span> <span class='ocrx_word' id='word_1_335' title='bbox 1132 1908 1336 1943; x_wconf 74' lang='lat' dir='ltr'>Stctincnses</span> <span class='ocrx_word' id='word_1_336' title='bbox 1364 1908 1524 1954; x_wconf 67' lang='lat' dir='ltr'>aliosque.</span> <span class='ocrx_word' id='word_1_337' title='bbox 1629 1908 1795 1952; x_wconf 69' lang='lat' dir='ltr'>Azty.1‹5&#39;.</span> 
     </span>
    </p>
   </div>
   <div class='ocr_carea' id='block_1_7' title="bbox 387 1981 2077 2071">
    <p class='ocr_par' dir='ltr' id='par_1_9' title="bbox 387 1981 2077 2071">
     <span class='ocr_line' id='line_1_31' title="bbox 498 1981 2077 2022; baseline 0.001 -10"><span class='ocrx_word' id='word_1_338' title='bbox 498 1981 594 2019; x_wconf 67' lang='lat' dir='ltr'>Copia</span> <span class='ocrx_word' id='word_1_339' title='bbox 623 1983 673 2019; x_wconf 90' lang='lat' dir='ltr'>(c.)</span> <span class='ocrx_word' id='word_1_340' title='bbox 700 1981 809 2012; x_wconf 79' lang='lat' dir='ltr'>ibidem</span> <span class='ocrx_word' id='word_1_341' title='bbox 832 1984 902 2012; x_wconf 80' lang='lat' dir='ltr'>tom.</span> <span class='ocrx_word' id='word_1_342' title='bbox 921 1982 1015 2011; x_wconf 82' lang='lat'><em>11511</em></span> <span class='ocrx_word' id='word_1_343' title='bbox 1039 1982 1093 2019; x_wconf 77' lang='lat' dir='ltr'>fol.</span> <span class='ocrx_word' id='word_1_344' title='bbox 1112 1983 1172 2012; x_wconf 90' lang='grc'>171</span> <span class='ocrx_word' id='word_1_345' title='bbox 1201 1982 1362 2014; x_wconf 65' lang='lat'>22221969.</span> <span class='ocrx_word' id='word_1_346' title='bbox 1408 1981 1641 2022; x_wconf 72' lang='lat' dir='ltr'>Dcscrz&#39;psimns</span> <span class='ocrx_word' id='word_1_347' title='bbox 1668 1991 1733 2014; x_wconf 77' lang='lat' dir='ltr'>nos.</span> <span class='ocrx_word' id='word_1_348' title='bbox 1763 2001 1802 2005; x_wconf 90' lang='lat'>—</span> <span class='ocrx_word' id='word_1_349' title='bbox 1831 1981 1893 2012; x_wconf 76' lang='lat' dir='ltr'>Ed.</span> <span class='ocrx_word' id='word_1_350' title='bbox 1911 1981 2033 2013; x_wconf 61' lang='lat' dir='ltr'>Riezler</span> <span class='ocrx_word' id='word_1_351' title='bbox 2051 1993 2077 2013; x_wconf 79' lang='lat'>30</span> 
     </span>
     <span class='ocr_line' id='line_1_32' title="bbox 387 2032 1121 2071; baseline 0 -8"><span class='ocrx_word' id='word_1_352' title='bbox 387 2032 406 2063; x_wconf 83' lang='lat' dir='ltr'>l.</span> <span class='ocrx_word' id='word_1_353' title='bbox 424 2043 448 2063; x_wconf 70' lang='lat' dir='ltr'>c.</span> <span class='ocrx_word' id='word_1_354' title='bbox 470 2043 501 2071; x_wconf 65' lang='grc' dir='ltr'>ῃ.</span> <span class='ocrx_word' id='word_1_355' title='bbox 518 2034 581 2063; x_wconf 64' lang='lat'>478</span> <span class='ocrx_word' id='word_1_356' title='bbox 604 2043 651 2063; x_wconf 70' lang='grc' dir='ltr'>ην.</span> <span class='ocrx_word' id='word_1_357' title='bbox 670 2035 752 2063; x_wconf 73' lang='grc'><em>1375</em></span> <span class='ocrx_word' id='word_1_358' title='bbox 776 2043 813 2064; x_wconf 67' lang='lat' dir='ltr'>esc</span> <span class='ocrx_word' id='word_1_359' title='bbox 837 2044 861 2064; x_wconf 87' lang='lat' dir='ltr'>c.</span> <span class='ocrx_word' id='word_1_360' title='bbox 886 2033 1121 2071; x_wconf 71' lang='lat' dir='ltr'>(decurtatum).</span> 
     </span>
    </p>
   </div>
   <div class='ocr_carea' id='block_1_8' title="bbox 388 2117 2080 2619">
    <p class='ocr_par' dir='ltr' id='par_1_10' title="bbox 495 2117 1328 2150">
     <span class='ocr_line' id='line_1_33' title="bbox 495 2117 1328 2150; baseline 0.005 -5"><span class='ocrx_word' id='word_1_361' title='bbox 495 2118 603 2147; x_wconf 64' lang='lat' dir='ltr'>Uttoni</span> <span class='ocrx_word' id='word_1_362' title='bbox 629 2121 661 2147; x_wconf 85' lang='lat' dir='ltr'>et</span> <span class='ocrx_word' id='word_1_363' title='bbox 686 2142 716 2148; x_wconf 86' lang='lat'>..</span> <span class='ocrx_word' id='word_1_364' title='bbox 741 2117 805 2148; x_wconf 88' lang='lat' dir='ltr'>filio</span> <span class='ocrx_word' id='word_1_365' title='bbox 831 2118 898 2148; x_wconf 86' lang='lat' dir='ltr'>eius</span> <span class='ocrx_word' id='word_1_366' title='bbox 923 2118 1054 2148; x_wconf 84' lang='lat' dir='ltr'>ducibus</span> <span class='ocrx_word' id='word_1_367' title='bbox 1079 2117 1328 2150; x_wconf 82' lang='lat' dir='ltr'>Scotinensibus.</span> 
     </span>
    </p>

    <p class='ocr_par' dir='ltr' id='par_1_11' title="bbox 388 2164 2080 2619">
     <span class='ocr_line' id='line_1_34' title="bbox 494 2164 2034 2210; baseline 0.001 -12"><span class='ocrx_word' id='word_1_368' title='bbox 494 2168 644 2198; x_wconf 83' lang='lat' dir='ltr'>Publicus</span> <span class='ocrx_word' id='word_1_369' title='bbox 667 2169 747 2199; x_wconf 83' lang='lat' dir='ltr'>sicut</span> <span class='ocrx_word' id='word_1_370' title='bbox 771 2170 868 2199; x_wconf 84' lang='lat' dir='ltr'>nostis</span> <span class='ocrx_word' id='word_1_371' title='bbox 885 2172 917 2199; x_wconf 91' lang='lat' dir='ltr'>et</span> <span class='ocrx_word' id='word_1_372' title='bbox 940 2170 1082 2199; x_wconf 85' lang='lat' dir='ltr'>notorius</span> <span class='ocrx_word' id='word_1_373' title='bbox 1099 2164 1198 2200; x_wconf 84' lang='lat' dir='ltr'>hostis</span> <span class='ocrx_word' id='word_1_374' title='bbox 1214 2169 1275 2200; x_wconf 84' lang='lat' dir='ltr'>Dei</span> <span class='ocrx_word' id='word_1_375' title='bbox 1299 2180 1336 2200; x_wconf 85' lang='lat' dir='ltr'>ac</span> <span class='ocrx_word' id='word_1_376' title='bbox 1361 2169 1496 2200; x_wconf 81' lang='lat' dir='ltr'>ecclesie</span> <span class='ocrx_word' id='word_1_377' title='bbox 1521 2179 1576 2199; x_wconf 88' lang='lat' dir='ltr'>sue</span> <span class='ocrx_word' id='word_1_378' title='bbox 1600 2172 1719 2208; x_wconf 86' lang='lat' dir='ltr'>sancte,</span> <span class='ocrx_word' id='word_1_379' title='bbox 1744 2168 1888 2200; x_wconf 84' lang='lat' dir='ltr'>Bavarus</span> <span class='ocrx_word' id='word_1_380' title='bbox 1905 2169 2034 2210; x_wconf 91' lang='lat' dir='ltr'>proprie</span> 
     </span>
     <span class='ocr_line' id='line_1_35' title="bbox 388 2219 2033 2261; baseline 0.002 -13"><span class='ocrx_word' id='word_1_381' title='bbox 388 2219 630 2259; x_wconf 76' lang='lat' dir='ltr'>dampnationis.</span> <span class='ocrx_word' id='word_1_382' title='bbox 656 2220 884 2259; x_wconf 76' lang='lat' dir='ltr'>impositionis³</span> <span class='ocrx_word' id='word_1_383' title='bbox 901 2223 932 2250; x_wconf 90' lang='lat' dir='ltr'>et</span> <span class='ocrx_word' id='word_1_384' title='bbox 956 2230 1083 2260; x_wconf 78' lang='lat' dir='ltr'>semper</span> <span class='ocrx_word' id='word_1_385' title='bbox 1107 2220 1280 2261; x_wconf 87' lang='lat' dir='ltr'>dampnate</span> <span class='ocrx_word' id='word_1_386' title='bbox 1298 2221 1493 2261; x_wconf 84' lang='lat' dir='ltr'>operationis</span> <span class='ocrx_word' id='word_1_387' title='bbox 1517 2220 1706 2261; x_wconf 82' lang='lat' dir='ltr'>aggressorb</span> <span class='ocrx_word' id='word_1_388' title='bbox 1723 2220 1763 2250; x_wconf 90' lang='lat' dir='ltr'>ad</span> <span class='ocrx_word' id='word_1_389' title='bbox 1780 2220 2033 2252; x_wconf 86' lang='lat' dir='ltr'>marchionatum</span> 
     </span>
     <span class='ocr_line' id='line_1_36' title="bbox 392 2270 2078 2312; baseline 0.002 -13"><span class='ocrx_word' id='word_1_390' title='bbox 392 2270 720 2311; x_wconf 66' lang='lat' dir='ltr'>lnanslcburgensem,</span> <span class='ocrx_word' id='word_1_391' title='bbox 745 2281 839 2311; x_wconf 89' lang='lat' dir='ltr'>quem</span> <span class='ocrx_word' id='word_1_392' title='bbox 865 2271 932 2301; x_wconf 89' lang='lat' dir='ltr'>eius</span> <span class='ocrx_word' id='word_1_393' title='bbox 956 2271 1020 2301; x_wconf 85' lang='lat' dir='ltr'>filio</span> <span class='ocrx_word' id='word_1_394' title='bbox 1045 2271 1084 2301; x_wconf 82' lang='lat' dir='ltr'>(le</span> <span class='ocrx_word' id='word_1_395' title='bbox 1109 2272 1192 2302; x_wconf 80' lang='lat' dir='ltr'>facto</span> <span class='ocrx_word' id='word_1_396' title='bbox 1210 2272 1375 2310; x_wconf 76' lang='lat' dir='ltr'>concessit,</span> <span class='ocrx_word' id='word_1_397' title='bbox 1400 2273 1480 2302; x_wconf 83' lang='lat' dir='ltr'>sicut</span> <span class='ocrx_word' id='word_1_398' title='bbox 1497 2271 1685 2311; x_wconf 71' lang='lat' dir='ltr'>audivimus,</span> <span class='ocrx_word' id='word_1_399' title='bbox 1709 2271 1864 2302; x_wconf 84' lang='lat' dir='ltr'>accedere</span> <span class='ocrx_word' id='word_1_400' title='bbox 1882 2274 2034 2312; x_wconf 88' lang='lat' dir='ltr'>properat</span> <span class='ocrx_word' id='word_1_401' title='bbox 2052 2281 2078 2301; x_wconf 78' lang='lat'>35</span> 
     </span>
     <span class='ocr_line' id='line_1_37' title="bbox 388 2321 2033 2363; baseline 0.002 -13"><span class='ocrx_word' id='word_1_402' title='bbox 388 2326 419 2351; x_wconf 83' lang='lat' dir='ltr'>ct</span> <span class='ocrx_word' id='word_1_403' title='bbox 443 2324 475 2350; x_wconf 82' lang='lat' dir='ltr'>ut</span> <span class='ocrx_word' id='word_1_404' title='bbox 506 2321 592 2352; x_wconf 81' lang='lat' dir='ltr'>idem</span> <span class='ocrx_word' id='word_1_405' title='bbox 620 2321 701 2351; x_wconf 87' lang='lat' dir='ltr'>filius</span> <span class='ocrx_word' id='word_1_406' title='bbox 725 2332 799 2351; x_wconf 83' lang='lat' dir='ltr'>suus</span> <span class='ocrx_word' id='word_1_407' title='bbox 823 2322 918 2362; x_wconf 89' lang='lat' dir='ltr'>plena</span> <span class='ocrx_word' id='word_1_408' title='bbox 942 2323 1144 2362; x_wconf 84' lang='lat' dir='ltr'>possessione</span> <span class='ocrx_word' id='word_1_409' title='bbox 1170 2323 1253 2353; x_wconf 85' lang='lat' dir='ltr'>illius</span> <span class='ocrx_word' id='word_1_410' title='bbox 1277 2327 1383 2354; x_wconf 85' lang='lat' dir='ltr'>utatur</span> <span class='ocrx_word' id='word_1_411' title='bbox 1406 2328 1439 2354; x_wconf 89' lang='lat' dir='ltr'>et</span> <span class='ocrx_word' id='word_1_412' title='bbox 1462 2323 1562 2354; x_wconf 85' lang='lat' dir='ltr'>libera</span> <span class='ocrx_word' id='word_1_413' title='bbox 1587 2323 1636 2353; x_wconf 86' lang='lat' dir='ltr'>vel</span> <span class='ocrx_word' id='word_1_414' title='bbox 1660 2323 1824 2363; x_wconf 85' lang='lat' dir='ltr'>tyrannica</span> <span class='ocrx_word' id='word_1_415' title='bbox 1847 2323 1952 2363; x_wconf 89' lang='lat' dir='ltr'>potius</span> <span class='ocrx_word' id='word_1_416' title='bbox 1976 2322 2033 2353; x_wconf 88' lang='lat' dir='ltr'>de-</span> 
     </span>
     <span class='ocr_line' id='line_1_38' title="bbox 389 2372 2033 2414; baseline 0.002 -13"><span class='ocrx_word' id='word_1_417' title='bbox 389 2372 529 2402; x_wconf 85' lang='lat' dir='ltr'>tentione</span> <span class='ocrx_word' id='word_1_418' title='bbox 554 2372 684 2411; x_wconf 80' lang='lat' dir='ltr'>fruatur,</span> <span class='ocrx_word' id='word_1_419' title='bbox 713 2373 786 2403; x_wconf 79' lang='lat' dir='ltr'>totis</span> <span class='ocrx_word' id='word_1_420' title='bbox 810 2373 974 2403; x_wconf 81' lang='lat' dir='ltr'>conatibus</span> <span class='ocrx_word' id='word_1_421' title='bbox 999 2383 1031 2403; x_wconf 79' lang='lat' dir='ltr'>se</span> <span class='ocrx_word' id='word_1_422' title='bbox 1055 2375 1202 2414; x_wconf 83' lang='lat' dir='ltr'>accingit.</span> <span class='ocrx_word' id='word_1_423' title='bbox 1249 2374 1333 2405; x_wconf 84' lang='lat' dir='ltr'>Sane</span> <span class='ocrx_word' id='word_1_424' title='bbox 1362 2374 1439 2405; x_wconf 85' lang='lat' dir='ltr'>illud</span> <span class='ocrx_word' id='word_1_425' title='bbox 1464 2385 1482 2405; x_wconf 93' lang='lat' dir='ltr'>o</span> <span class='ocrx_word' id='word_1_426' title='bbox 1506 2374 1549 2404; x_wconf 85' lang='lat' dir='ltr'>fili</span> <span class='ocrx_word' id='word_1_427' title='bbox 1577 2384 1633 2404; x_wconf 89' lang='lat' dir='ltr'>vos</span> <span class='ocrx_word' id='word_1_428' title='bbox 1657 2377 1722 2404; x_wconf 88' lang='lat' dir='ltr'>tam</span> <span class='ocrx_word' id='word_1_429' title='bbox 1746 2373 1916 2404; x_wconf 86' lang='lat' dir='ltr'>salubriter</span> <span class='ocrx_word' id='word_1_430' title='bbox 1937 2383 2033 2414; x_wconf 87' lang='lat' dir='ltr'>quam</span> 
     </span>
     <span class='ocr_line' id='line_1_39' title="bbox 388 2423 2034 2466; baseline 0.002 -15"><span class='ocrx_word' id='word_1_431' title='bbox 388 2423 562 2462; x_wconf 71' lang='lat' dir='ltr'>prudentm·</span> <span class='ocrx_word' id='word_1_432' title='bbox 585 2423 753 2453; x_wconf 83' lang='lat' dir='ltr'>advertere</span> <span class='ocrx_word' id='word_1_433' title='bbox 777 2424 930 2464; x_wconf 75' lang='lat' dir='ltr'>cupimuS,</span> <span class='ocrx_word' id='word_1_434' title='bbox 956 2424 1040 2464; x_wconf 84' lang='lat' dir='ltr'>quod</span> <span class='ocrx_word' id='word_1_435' title='bbox 1064 2435 1135 2455; x_wconf 87' lang='lat' dir='ltr'>cum</span> <span class='ocrx_word' id='word_1_436' title='bbox 1160 2425 1245 2456; x_wconf 84' lang='lat' dir='ltr'>idem</span> <span class='ocrx_word' id='word_1_437' title='bbox 1264 2426 1405 2456; x_wconf 76' lang='lat' dir='ltr'>Bavarus</span> <span class='ocrx_word' id='word_1_438' title='bbox 1429 2425 1632 2466; x_wconf 84' lang='lat' dir='ltr'>exigentibus</span> <span class='ocrx_word' id='word_1_439' title='bbox 1656 2425 1820 2456; x_wconf 86' lang='lat' dir='ltr'>demeritis</span> <span class='ocrx_word' id='word_1_440' title='bbox 1843 2425 1915 2464; x_wconf 87' lang='lat' dir='ltr'>suis,</span> <span class='ocrx_word' id='word_1_441' title='bbox 1940 2427 2034 2465; x_wconf 88' lang='lat' dir='ltr'>prout</span> 
     </span>
     <span class='ocr_line' id='line_1_40' title="bbox 389 2474 2032 2517; baseline 0.001 -14"><span class='ocrx_word' id='word_1_442' title='bbox 389 2474 428 2503; x_wconf 81' lang='lat' dir='ltr'>ad</span> <span class='ocrx_word' id='word_1_443' title='bbox 454 2477 591 2503; x_wconf 83' lang='lat' dir='ltr'>vestram</span> <span class='ocrx_word' id='word_1_444' title='bbox 616 2478 648 2504; x_wconf 88' lang='lat' dir='ltr'>et</span> <span class='ocrx_word' id='word_1_445' title='bbox 665 2485 864 2505; x_wconf 78' lang='lat' dir='ltr'>communem</span> <span class='ocrx_word' id='word_1_446' title='bbox 890 2476 1037 2506; x_wconf 81' lang='lat' dir='ltr'>noticiam</span> <span class='ocrx_word' id='word_1_447' title='bbox 1057 2477 1163 2516; x_wconf 82' lang='lat' dir='ltr'>sepius</span> <span class='ocrx_word' id='word_1_448' title='bbox 1187 2480 1235 2507; x_wconf 85' lang='lat' dir='ltr'>est</span> <span class='ocrx_word' id='word_1_449' title='bbox 1259 2477 1442 2513; x_wconf 74' lang='lat' dir='ltr'>deductum,</span> <span class='ocrx_word' id='word_1_450' title='bbox 1466 2477 1533 2507; x_wconf 88' lang='lat' dir='ltr'>iure</span> <span class='ocrx_word' id='word_1_451' title='bbox 1558 2478 1582 2506; x_wconf 82' lang='lat' dir='ltr'>si</span> <span class='ocrx_word' id='word_1_452' title='bbox 1607 2476 1691 2517; x_wconf 89' lang='lat' dir='ltr'>quod</span> <span class='ocrx_word' id='word_1_453' title='bbox 1716 2477 1747 2507; x_wconf 90' lang='lat' dir='ltr'>in</span> <span class='ocrx_word' id='word_1_454' title='bbox 1771 2486 1870 2517; x_wconf 89' lang='lat' dir='ltr'>regno</span> <span class='ocrx_word' id='word_1_455' title='bbox 1895 2485 1950 2506; x_wconf 84' lang='lat' dir='ltr'>seu</span> <span class='ocrx_word' id='word_1_456' title='bbox 1974 2476 2032 2505; x_wconf 89' lang='lat' dir='ltr'>im-</span> 
     </span>
     <span class='ocr_line' id='line_1_41' title="bbox 388 2524 2080 2568; baseline 0.001 -15"><span class='ocrx_word' id='word_1_457' title='bbox 388 2525 477 2564; x_wconf 77' lang='lat' dir='ltr'>perio</span> <span class='ocrx_word' id='word_1_458' title='bbox 494 2524 710 2555; x_wconf 83' lang='lat' dir='ltr'>Romanorum</span> <span class='ocrx_word' id='word_1_459' title='bbox 735 2525 793 2555; x_wconf 86' lang='lat' dir='ltr'>sibi</span> <span class='ocrx_word' id='word_1_460' title='bbox 815 2526 1058 2566; x_wconf 84' lang='lat' dir='ltr'>quomodolibet</span> <span class='ocrx_word' id='word_1_461' title='bbox 1081 2528 1296 2568; x_wconf 69' lang='lat' dir='ltr'>competebat,</span> <span class='ocrx_word' id='word_1_462' title='bbox 1320 2528 1461 2568; x_wconf 88' lang='lat' dir='ltr'>privatus</span> <span class='ocrx_word' id='word_1_463' title='bbox 1484 2528 1641 2568; x_wconf 85' lang='lat' dir='ltr'>legittime</span> <span class='ocrx_word' id='word_1_464' title='bbox 1667 2531 1699 2559; x_wconf 89' lang='lat' dir='ltr'>et</span> <span class='ocrx_word' id='word_1_465' title='bbox 1722 2527 1762 2558; x_wconf 83' lang='lat' dir='ltr'>ad</span> <span class='ocrx_word' id='word_1_466' title='bbox 1787 2528 1855 2558; x_wconf 85' lang='lat' dir='ltr'>eius</span> <span class='ocrx_word' id='word_1_467' title='bbox 1878 2526 2032 2557; x_wconf 89' lang='lat' dir='ltr'>honorem</span> <span class='ocrx_word' id='word_1_468' title='bbox 2051 2537 2080 2555; x_wconf 70' lang='lat'>40</span> 
     </span>
     <span class='ocr_line' id='line_1_42' title="bbox 389 2575 2033 2619; baseline 0.001 -14"><span class='ocrx_word' id='word_1_469' title='bbox 389 2575 532 2606; x_wconf 78' lang='lat' dir='ltr'>redditus</span> <span class='ocrx_word' id='word_1_470' title='bbox 557 2576 650 2606; x_wconf 81' lang='lat' dir='ltr'>fucrit</span> <span class='ocrx_word' id='word_1_471' title='bbox 675 2586 802 2616; x_wconf 79' lang='lat' dir='ltr'>prorsus</span> <span class='ocrx_word' id='word_1_472' title='bbox 827 2576 974 2607; x_wconf 80' lang='lat' dir='ltr'>inhabilis</span> <span class='ocrx_word' id='word_1_473' title='bbox 998 2581 1029 2607; x_wconf 87' lang='lat' dir='ltr'>et</span> <span class='ocrx_word' id='word_1_474' title='bbox 1053 2578 1200 2616; x_wconf 62' lang='lat' dir='ltr'>indignus</span> <span class='ocrx_word' id='word_1_475' title='bbox 1224 2582 1332 2619; x_wconf 86' lang='lat' dir='ltr'>preter</span> <span class='ocrx_word' id='word_1_476' title='bbox 1357 2579 1436 2610; x_wconf 85' lang='lat' dir='ltr'>alias</span> <span class='ocrx_word' id='word_1_477' title='bbox 1460 2580 1633 2610; x_wconf 85' lang='lat' dir='ltr'>sententias</span> <span class='ocrx_word' id='word_1_478' title='bbox 1656 2582 1751 2619; x_wconf 84' lang='lat' dir='ltr'>atque</span> <span class='ocrx_word' id='word_1_479' title='bbox 1776 2589 1888 2619; x_wconf 76' lang='lat' dir='ltr'>penaS,</span> <span class='ocrx_word' id='word_1_480' title='bbox 1919 2577 2033 2618; x_wconf 86' lang='lat' dir='ltr'>quibus</span> 
     </span>
    </p>
   </div>
   <div class='ocr_carea' id='block_1_9' title="bbox 492 2660 1032 2694">
    <p class='ocr_par' dir='ltr' id='par_1_12' title="bbox 492 2660 1032 2694">
     <span class='ocr_line' id='line_1_43' title="bbox 492 2660 1032 2694; baseline 0.004 -9"><span class='ocrx_word' id='word_1_481' title='bbox 492 2660 556 2686; x_wconf 54' lang='lat'>82⁸2.</span> <span class='ocrx_word' id='word_1_482' title='bbox 584 2662 606 2691; x_wconf 78' lang='lat'>³)</span> <span class='ocrx_word' id='word_1_483' title='bbox 626 2662 672 2685; x_wconf 69' lang='lat' dir='ltr'>linc</span> <span class='ocrx_word' id='word_1_484' title='bbox 692 2662 752 2686; x_wconf 74' lang='lat' dir='ltr'>add.</span> <span class='ocrx_word' id='word_1_485' title='bbox 773 2671 791 2686; x_wconf 75' lang='lat' dir='ltr'>r.</span> <span class='ocrx_word' id='word_1_486' title='bbox 882 2662 904 2692; x_wconf 68' lang='lat'>¹³)</span> <span class='ocrx_word' id='word_1_487' title='bbox 924 2663 992 2694; x_wconf 77' lang='lat' dir='ltr'>ipsas</span> <span class='ocrx_word' id='word_1_488' title='bbox 1013 2672 1032 2687; x_wconf 71' lang='lat' dir='ltr'>c.</span> 
     </span>
    </p>
   </div>
   <div class='ocr_carea' id='block_1_10' title="bbox 494 2719 1114 2753">
    <p class='ocr_par' dir='ltr' id='par_1_13' title="bbox 494 2719 1114 2753">
     <span class='ocr_line' id='line_1_44' title="bbox 494 2719 1114 2753; baseline 0.003 -9"><span class='ocrx_word' id='word_1_489' title='bbox 494 2719 557 2745; x_wconf 50' lang='lat'>³⁸2⁴.</span> <span class='ocrx_word' id='word_1_490' title='bbox 578 2722 599 2751; x_wconf 77' lang='lat'>²²)</span> <span class='ocrx_word' id='word_1_491' title='bbox 621 2722 754 2752; x_wconf 68' lang='lat' dir='ltr'>irnpontwis</span> <span class='ocrx_word' id='word_1_492' title='bbox 774 2730 793 2746; x_wconf 71' lang='grc' dir='ltr'>ι’.</span> <span class='ocrx_word' id='word_1_493' title='bbox 884 2721 907 2751; x_wconf 62' lang='lat' dir='ltr'>&#39;&#39;j-</span> <span class='ocrx_word' id='word_1_494' title='bbox 927 2730 1075 2753; x_wconf 68' lang='lat' dir='ltr'>nggeressor</span> <span class='ocrx_word' id='word_1_495' title='bbox 1095 2731 1114 2746; x_wconf 73' lang='lat' dir='ltr'>c.</span> 
     </span>
    </p>
   </div>
   <div class='ocr_carea' id='block_1_11' title="bbox 495 2788 1744 2823">
    <p class='ocr_par' dir='ltr' id='par_1_14' title="bbox 495 2788 1744 2823">
     <span class='ocr_line' id='line_1_45' title="bbox 495 2788 1744 2823; baseline 0.003 -11"><span class='ocrx_word' id='word_1_496' title='bbox 495 2789 518 2815; x_wconf 71' lang='lat'>13.</span> <span class='ocrx_word' id='word_1_497' title='bbox 543 2788 581 2819; x_wconf 52' lang='lat'>(⁷7.</span> <span class='ocrx_word' id='word_1_498' title='bbox 602 2788 691 2813; x_wconf 64' lang='lat' dir='ltr'>Imm.</span> <span class='ocrx_word' id='word_1_499' title='bbox 712 2792 807 2816; x_wconf 64' lang='lat'>152.3.·}.</span> <span class='ocrx_word' id='word_1_500' title='bbox 897 2789 921 2814; x_wconf 68' lang='lat'>2&gt;</span> <span class='ocrx_word' id='word_1_501' title='bbox 942 2789 1025 2814; x_wconf 60' lang='lat' dir='ltr'>Ecca.</span> <span class='ocrx_word' id='word_1_502' title='bbox 1040 2792 1076 2817; x_wconf 77' lang='grc'>21,</span> <span class='ocrx_word' id='word_1_503' title='bbox 1094 2794 1112 2814; x_wconf 93' lang='grc'>1.</span> <span class='ocrx_word' id='word_1_504' title='bbox 1200 2791 1226 2822; x_wconf 74' lang='grc'>3)</span> <span class='ocrx_word' id='word_1_505' title='bbox 1246 2794 1308 2823; x_wconf 68' lang='lat' dir='ltr'>sup.</span> <span class='ocrx_word' id='word_1_506' title='bbox 1325 2795 1363 2818; x_wconf 73' lang='lat'>12.</span> <span class='ocrx_word' id='word_1_507' title='bbox 1380 2795 1414 2817; x_wconf 63' lang='lat'>18.</span> <span class='ocrx_word' id='word_1_508' title='bbox 1504 2793 1530 2817; x_wconf 51' lang='lat'>45</span> <span class='ocrx_word' id='word_1_509' title='bbox 1550 2791 1611 2817; x_wconf 67' lang='lat' dir='ltr'>Sed.</span> <span class='ocrx_word' id='word_1_510' title='bbox 1631 2798 1672 2815; x_wconf 76' lang='lat' dir='ltr'>nr.</span> <span class='ocrx_word' id='word_1_511' title='bbox 1688 2793 1744 2816; x_wconf 68' lang='lat'>322.</span> 
     </span>
    </p>
   </div>
  </div>
 </body>
</html>
