2205 3025
160 679 184 696 io

159 942 181 959 15

156 1402 181 1420 ‘20

155 1959 180 1977 30

155 2216 178 2234 35

155 2472 180 2489 40

437 122 532 148 ACTA
552 122 664 148 REGNI
683 122 868 149 LUDEWICI
887 122 933 148 IV.
952 122 997 148 ET
1017 122 1199 148 FRIDERICI
1219 122 1267 148 III.
1305 123 1379 148 1323.
1416 122 1535 149 N1-.487.
1555 122 1612 149 488.
1788 126 1845 155 401

203 210 348 248 tempore
373 211 500 248 tempus
524 208 725 249 pontificatus
748 209 845 239 nostri
870 210 951 239 sicut
974 209 1127 239 hactenus
1143 212 1324 249 poneretur.
1356 209 1510 240 Preterea
1527 212 1670 240 sanctum
1688 209 1850 240 sudarium

204 259 278 288 Iesu
303 259 437 298 Christi,
467 259 552 299 quod
579 260 610 289 in
635 259 771 290 ecclesia
795 259 888 290 beate
912 260 1014 290 Marie
1038 259 1189 290 Rotunde
1216 259 1255 290 de
1280 259 1368 290 Urbe
1393 270 1464 290 cum
1489 271 1605 301 magno
1631 264 1770 291 tremore
1794 272 1852 302 per

203 308 368 340 Romanos
396 310 520 350 aliquos
550 310 751 349 servabatur,
785 311 928 351 prefatus
958 311 1083 351 legatus
1116 321 1187 341 cum
1217 311 1389 341 devotione
1421 321 1537 352 magna
1572 312 1647 342 cleri
1681 316 1712 343 et
1741 313 1852 353 populi

204 360 380 391 astancium
404 364 436 391 et
460 362 665 401 sequencium
689 361 729 391 ad
754 361 917 392 basilicam
936 362 1085 402 principis
1103 362 1321 402 apostolorum
1339 362 1378 392 de
1396 362 1484 393 Urbe
1502 365 1680 403 reportavit
1696 364 1725 394 in
1743 364 1852 405 vigilia

204 411 275 441 festi
299 411 387 442 beati
409 411 575 442 Laurentii
599 413 744 451 proxime
769 413 912 452 preteriti
937 416 968 443 et
991 413 1020 442 in
1046 413 1115 443 loco
1140 413 1233 443 solito
1258 412 1490 443 honorabiliter
1506 413 1684 444 collocavit.
1718 414 1759 445 Et
1775 416 1849 456 quia
1865 425 1946 448 Augus.

202 466 348 494 tenemus
370 462 501 493 indubie
526 466 556 493 te
580 463 624 493 fili
648 464 810 493 carissime
836 463 875 494 de
901 464 1111 504 prosperitate
1136 465 1270 495 ecclesie
1294 465 1404 495 matris
1426 468 1479 495 tue
1498 465 1584 495 velut
1601 465 1735 496 devotus
1752 467 1850 506 ipsius

202 514 283 544 filius
313 518 346 545 et
377 514 524 555 princeps
555 514 832 544 christianissimus
864 525 901 545 ae
934 516 1111 546 errancium
1144 519 1176 545 et
1212 515 1251 546 ab
1283 526 1322 546 ea
1353 515 1551 546 deviancium
1582 518 1789 548 conversione
1819 521 1851 548 et

203 565 388 596 reductione
412 566 453 596 ad
476 566 579 606 ipsam
603 565 706 606 plenis
731 569 762 595 et
786 565 910 596 devotis
934 565 1102 597 affectibus
1127 566 1300 606 consolari7
1330 568 1485 607 premissa
1514 571 1566 598 tue
1592 568 1786 608 eelsitudini,
1816 572 1851 599 ut

201 616 365 647 nobiscum
393 617 424 647 in
448 617 586 647 Domino
616 616 820 657 congaudeas
851 620 883 647 et
914 617 987 647 inde
1020 621 1127 647 nostro
1158 618 1333 658 gratiarum
1366 620 1508 649 actiones
1542 619 1658 649 offeras
1682 619 1850 660 Salvatmi,

203 668 284 699 serie
309 669 511 708 presencium
534 668 728 698 intimamus.
774 667 845 698 Heu
875 671 981 698 autem
1008 669 1152 699 nuntiare
1176 669 1418 709 magnificencie
1449 671 1536 711 regie
1565 681 1664 711 usque
1693 670 1734 701 ad
1765 670 1849 701 diem

202 718 317 759 dat(e)‚
342 730 403 760 quo
429 719 468 750 ad
494 730 550 749 nos
568 719 711 760 predicte
730 719 835 749 littere
854 723 1078 759 pervenerunt,
1104 719 1292 754 distulimus,
1318 720 1356 751 de
1374 722 1536 761 premissis
1553 732 1571 751 a
1588 721 1850 762 tidedignioribus

202 771 355 801 certiores
380 770 463 801 effici
488 770 712 811 prestolantes.

307 822 379 852 Dat.
405 822 603 861 Avinion(e)7
628 821 665 852 V.
684 821 755 851 Kal.
782 820 972 861 Septembr„
999 832 1080 851 anno
1105 821 1180 851 XII.

306 881 347 911 In
373 891 399 912 e.
425 893 490 912 mo.
515 882 658 912 Iohanne
685 881 793 921 regine
821 880 952 911 Francic
977 881 1103 911 verbis
1127 885 1391 920 competenter
1414 884 1577 913 mutatis.

310 933 348 963 In
374 944 400 963 e.
427 944 492 964 mo.
517 933 668 974 Philippo
693 933 759 973 regi
784 932 939 962 Navarre.

280 1124 353 1158 488.
390 1122 667 1159 LUDEWICI
699 1122 1001 1159 LIBER-ATIO
1028 1121 1163 1158 CIVIS
1189 1122 1483 1158 TUDERTINI
1508 1124 1540 1157 A
1571 1124 1768 1160 BANNO.

849 1191 957 1226 1328.
1001 1191 1111 1235 (Aug.
1135 1191 1210 1232 30.)

312 1282 410 1321 Copia
441 1282 495 1323 (e.)
531 1283 565 1313 *in
595 1282 700 1313 ‘Libro
734 1282 1007 1320 It'eformale'onnm
1044 1293 1073 1312 (ι.
1096 1283 1188 1312 1-‘2’2-5'
1224 1282 1378 1313 tabulam?
1412 1283 1583 1313 roncmn‘nis
1618 1283 1763 1320 Dalm-ti,
1798 1285 1852 1315 ubi

199 1337 375 1373 sequuntur
397 1334 487 1365 haec:
515 1334 585 1370 Que
610 1334 738 1374 quidem
763 1334 873 1364 lictore
899 1338 990 1364 erant
1014 1334 1119 1373 sigillo
1144 1344 1217 1364 cere
1242 1334 1341 1364 rubee
1367 1334 1521 1375 sigillate,
1546 1335 1576 1364 in
1602 1335 1689 1364 cilius
1713 1335 1852 1366 scultura

201 1390 270 1417 erat
294 1386 433 1427 quedam
461 1386 569 1426 aquila
598 1389 629 1416 et
658 1386 687 1415 in
713 1386 781 1415 eius
806 1386 937 1416 circuitu
966 1389 1056 1416 erant
1084 1386 1193 1416 lietcre
1226 1386 1269 1415 sic
1299 1385 1457 1416 dicentes:
1488 1385 1541 1416 --S
1567 1389 1679 1416 secret.
1697 1386 1851 1416 Ludovici

198 1437 259 1468 Dei
283 1438 387 1478 gratia
404 1437 622 1467 Romanorum
646 1437 848 1477 imperatoris
873 1449 895 1467 s.
911 1436 952 1467 a?
996 1437 1220 1467 presentatum
1247 1437 1342 1468 miehi
1359 1437 1562 1477 infrascripto
1580 1437 1769 1467 cancellerio
1795 1449 1852 1478 per

200 1490 449 1529 suprascriptum
483 1513 513 1518 ..
544 1492 765 1529 preceptorem
799 1489 1049 1519 Alamannorum
1079 1489 1109 1518 in
1139 1489 1259 1528 palatio
1291 1489 1391 1519 veteri
1423 1490 1567 1519 comunis
1591 1488 1734 1519 Tuderti.
1785 1488 1850 1519 Sub

198 1542 306 1578 ann(o)
332 1539 459 1570 Domini
486 1539 767 1577 MCCOXXVIH,
797 1540 860 1570 ind.
880 1540 941 1570 Xl.
976 1540 1102 1580 prefato
1134 1539 1264 1570 domino
1295 1541 1488 1580 imperatore
1520 1544 1710 1579 rengnante,
1742 1550 1851 1570 mense

198 1592 311 1631 Agusti
338 1591 389 1621 die
414 1591 600 1631 penultimo,
630 1609 670 1612 —
700 1592 771 1621 Iam
798 1591 954 1621 mlidsmns
984 1602 1037 1621 uas·
1070 1591 1183 1621 Nuus
1215 1591 1342 1621 Asrlm*
1368 1591 1474 1623 XXX.
1506 1593 1614 1628 isl‘lsrl.
1639 1602 1676 1620 «κισ
1700 1602 1724 1623 c,
1772 1591 1850 1621 Edi-

172 1659 181 1674 ι,
201 1644 312 1673 tionem
337 1645 474 1673 nostram
500 1642 550 1672 hir
572 1643 747 1680 repetimus.

311 1702 357 1740 Cf.
382 1705 525 1741 escerpta
548 1703 638 1732 rto-sa
662 1702 705 1732 acl
727 1703 792 1733 dies
815 1704 964 1733 :BQ—30.
990 1714 1027 1733 m.
1054 1703 1135 1740 Aust.
1160 1703 1345 1742 spectantia.
1369 1713 1450 1741 quta*
1474 1702 1491 1732 l.
1510 1714 1534 1732 r.
1555 1702 1757 1740 pmwdsz.

307 1789 488 1819 Ludovicus
505 1788 564 1818 Dei
582 1789 685 1829 gratia
702 1788 921 1819 Romanorum
939 1789 1113 1829 imperator
1130 1799 1257 1829 semper
1273 1792 1426 1828 augustus
1516 1788 1670 1818 universis
1686 1792 1851 1828 presentes

198 1841 310 1871 visuris
334 1840 382 1870 vel
407 1839 561 1870 audituris
649 1841 784 1880 gratiam
809 1851 898 1870 suam
924 1844 955 1870 et
980 1850 1073 1870 omne
1099 1840 1226 1870 bonum.

305 1891 485 1932 Imperialis
509 1891 709 1931 providentie
734 1891 888 1921 celsitudo
914 1902 974 1921 non
999 1901 1126 1931 semper
1143 1891 1366 1931 delinquentes
1384 1891 1513 1931 corrigit
1531 1894 1562 1921 et
1579 1900 1650 1920 reos
1674 1890 1773 1930 punit,
1798 1892 1846 1919 set

199 1943 370 1985 aliquando
394 1953 449 1973 sue
474 1942 675 1973 liberalitatis
699 1942 874 1973 extendero
900 1942 997 1972 debet
1022 1942 1189 1972 dexteram
1215 1943 1399 1982 gratiosam.
1433 1941 1572 1971 Proinde
1598 1940 1729 1971 Petrum
1753 1941 1844 1971 Iaco—

197 1995 273 2025 belli
297 1996 398 2025 civem
423 1993 582 2031 Tud(e1=ti)
608 1993 646 2024 de
671 1995 827 2034 rregienc)
847 1993 963 2024 Sancte
981 1993 1132 2023 Presedis
1157 1993 1365 2024 exbanditum
1393 1993 1534 2022 comunis
1559 1992 1691 2022 Tuderti
1716 1996 1747 2022 et
1773 2002 1845 2022 con-

197 2046 372 2087 depnatum
396 2046 426 2076 in
451 2045 521 2076 libr.
538 2046 564 2076 L
589 2049 620 2075 et
645 2049 777 2085 quarto³
802 2044 935 2075 decurso
958 2049 1102 2085 tempore
1127 2048 1283 2075 rectorem
1302 2044 1419 2084 Angeli
1437 2043 1587 2074 Saraceni
1612 2043 1732 2073 dudum
1754 2047 1844 2083 potc-

197 2098 286 2128 statis
317 2097 452 2127 civitatis
483 2097 622 2137 prefate,
655 2107 749 2137 quem
782 2096 1003 2127 nonnullorum
1038 2096 1180 2126 fidelium
1213 2097 1389 2126 assertione.
1423 2096 1567 2126 ¹sedulum
1599 2096 1787 2125 servitorem
1817 2098 1849 2125 et

197 2148 347 2179 devotum
371 2158 542 2188 sequacem
568 2152 674 2178 nostre
698 2149 802 2188 gentis
826 2149 1036 2188 conperimus,
1062 2159 1080 2178 a
1096 2148 1200 2178 banno
1219 2152 1250 2178 et
1268 2148 1469 2187 condepnatu
1496 2147 1657 2187 premissis
1682 2146 1720 2176 dc
1738 2149 1846 2176 nostra

199 2201 302 2241 gratia
318 2200 451 2240 speciali
468 2199 646 2234 eximimus,
672 2199 846 2229 liberamus
863 2203 894 2229 et
911 2199 1086 2229 liberaliter
1104 2204 1213 2230 tenore
1232 2200 1429 2239 presentium
1451 2199 1598 2229 duximus
1616 2197 1848 2228 absolvendum

198 2251 417 2282 Deccrnentes
441 2251 497 2281 acb
523 2250 712 2281 mandantes
737 2260 888 2290 expresse
913 2261 970 2291 per
993 2251 1156 2291 aliquem.
1176 2273 1183 2281 .
1208 2251 1372 2287 vicarium‚
1398 2275 1403 2280 .
1423 2275 1428 2280 .
1448 2253 1603 2280 rectorem
1629 2260 1684 2279 seu
1710 2249 1849 2289 aliquem

196 2303 295 2333 'alium
321 2303 434 2343 quovis
458 2303 586 2332 nomine
611 2306 800 2332 censeantur
825 2301 978 2332 officiales
1003 2301 1052 2331 vel
1077 2311 1211 2332 comune
1237 2301 1425 2341 prefatmm)
1444 2301 1580 2331 civitatis
1603 2299 1759 2340 prclibate
1776 2310 1848 2340 pre—

199 2355 395 2385 nominatum
418 2353 552 2384 Petrum
582 2363 644 2383 non
669 2353 788 2383 debere
813 2364 940 2393 quoquo
966 2352 1061 2383 modo
1086 2352 1298 2392 personaliter
1322 2355 1377 2382 aut
1401 2352 1530 2382 realiter
1554 2351 1731 2392 inquietari.
1778 2350 1849 2380 Non

200 2405 399 2436 obstantibus
424 2405 584 2445 aliquibus
611 2404 749 2445 legibus,
782 2404 1064 2435 consuetudinibus
1094 2415 1151 2434 seu
1178 2404 1319 2442 statutis,
1350 2409 1429 2444 quec
1453 2404 1525 2433 huie
1559 2406 1662 2432 nostre
1691 2403 1793 2443 gratie
1818 2402 1847 2430 in

199 2457 305 2497 aliquo
331 2457 484 2487 oviarent.
574 2456 610 2485 In
636 2466 770 2496 quorum
800 2456 1014 2486 testimonium
1044 2459 1075 2485 et
1103 2455 1201 2495 ipsius
1224 2454 1313 2485 Petri
1342 2455 1500 2484 cautelam
1530 2456 1694 2494 presentes
1721 2453 1847 2482 licteras

198 2507 266 2538 fieri
290 2507 511 2538 mandavimus
535 2510 642 2537 nostro
667 2506 770 2547 sigillo
795 2510 918 2537 secreto
943 2517 961 2536 a
986 2510 1076 2546 tergo
1102 2506 1226 2536 muniri.

304 2558 378 2589 Dat.
397 2558 566 2599 Tudterti).
591 2557 649 2588 sub
674 2559 783 2595 annl'o)
801 2557 929 2588 Domini
948 2556 1223 2593 MCCCXXVHI,
1249 2557 1358 2596 rengni
1377 2557 1472 2586 nostri
1491 2566 1572 2585 anno
1597 2553 1845 2594 quartodecimo7

198 2609 323 2650 imperii
346 2619 421 2640 vero
446 2609 558 2649 primo.

301 2727 365 2754 488.
393 2729 415 2760 a)
435 2729 470 2753 sic
483 2738 503 2753 c.
609 2728 632 2760 ¹¹)
651 2737 728 2760 super
749 2735 760 2752 7
780 2728 852 2752 delet.
867 2737 887 2752 c.
993 2727 1015 2759 c)
1034 2736 1114 2759 supra
1135 2728 1179 2751 ἰίιι.
1195 2727 1257 2752 add..
1271 2736 1291 2751 c.

300 2786 337 2803 LL.
351 2786 564 2803 CONSTlTUTIONES
576 2786 611 2804 VI.
1607 2773 1635 2797 ἦ]
