2205 3025
376 178 437 205 fig&
782 168 877 195 ACTA
898 167 1009 194 REGNI
1031 166 1212 193 LUDEWICI
1234 166 1279 194 lV.
1317 165 1391 192 13:30.
1429 165 1475 191 Nr.
1490 166 1547 191 813.
1561 166 1619 191 514.

374 258 548 295 gratiarum
573 255 750 286 actionibus
767 256 997 295 prosequentes
1021 253 1340 293 circumspectionem
1364 256 1452 282 tuam
1476 262 1626 292 rogamus
1650 251 1680 281 in
1697 252 1835 282 Domino
1859 254 1891 282 et
1913 251 2021 282 horta-

375 319 444 338 mur
472 310 608 346 attente,
641 310 674 336 ut
704 306 847 346 cogitans
878 308 909 335 et
941 304 1123 344 recogitans
1154 304 1340 344 diligenter,
1375 302 1460 344 quod
1491 302 1573 333 illius
1606 302 1743 333 hominis
1777 304 2021 333 communicatio

375 359 644 389 eonnnnnicantes
672 357 730 387 sibi
761 357 818 387 nisi
843 357 872 386 in
896 355 969 389 hiis,
995 365 1056 396 que
1081 355 1123 385 ad
1146 355 1283 385 salutem
1308 355 1375 385 eius
1405 354 1509 385 anime
1534 354 1741 394 pertinerent,
1765 354 1863 384 inficit
1885 353 2021 395 Deoque

375 410 510 441 odibilesv
534 408 638 439 reddit
661 419 785 438 necnon
810 407 895 448 quod
919 407 1147 447 promissiones
1171 407 1238 437 eius
1262 417 1342 437 vane
1367 409 1454 441 sunt,
1479 416 1551 436 cum
1575 405 1670 436 nichil
1694 415 1752 436 nec
1777 405 1816 436 de
1841 416 1897 435 suo
1922 415 2021 445 quon-

374 462 447 491 dam
469 460 660 501 patrimonio
685 463 716 490 ct
739 460 849 499 utique
873 459 976 488 minus
1001 458 1040 488 de
1065 458 1125 488 hiis
1150 468 1211 498 que
1235 458 1277 488 ad
1298 468 1431 498 regnum
1457 461 1487 488 et
1511 457 1681 498 imperium
1706 457 1866 497 pertinent
1890 456 1929 487 de
1954 457 2022 487 iure

374 512 500 549 habeat,
525 511 580 541 sed
605 511 758 542 tirannice
783 514 815 540 et
840 509 879 540 de
904 510 988 540 facto
1006 508 1184 549 dumtaxat⁷
1210 509 1250 540 ad
1275 509 1341 540 eius
1359 509 1585 549 promissiones
1608 519 1665 539 seu
1680 508 1865 549 largitiones
1881 510 2022 538 mentem

374 568 460 594 tuam
485 573 547 593 non
571 563 688 602 erigaS,
714 561 770 592 sed
795 561 979 598 attendens,
1004 560 1091 601 quod
1115 560 1275 591 modicum
1300 561 1469 591 fermenti¹
1494 564 1593 591 totam
1617 570 1755 590 massam
1780 560 1967 600 corrumpit,
1991 562 2023 590 et

373 618 495 645 attente
520 613 738 646 considerans,
772 612 856 653 quod
881 612 957 642 illud
983 612 1069 653 quod
1093 612 1132 642 ab
1156 613 1225 652 ipso
1250 612 1411 652 reciperes
1441 612 1473 642 id
1504 611 1588 652 quod
1618 611 1743 642 obtines
1772 611 1857 642 licite
1882 611 2022 642 fermen-

373 670 465 698 taret.
491 666 558 696 eius
583 665 823 705 promissiones,
852 665 882 694 in
912 663 1027 704 quibus
1057 664 1147 694 iuxta
1174 663 1252 693 illud
1284 664 1446 704 poeticum
1469 662 1637 693 ‘Pollicitis
1667 662 1755 693 dives
1790 662 1924 703 quilibet
1952 672 2021 693 esse

374 716 511 758 potest³2
535 727 568 747 se.
593 716 724 746 divitem
748 719 886 756 reputat,
911 725 1065 755 respuens
1089 715 1276 756 largitiones
1301 715 1382 753 eius,
1415 724 1493 754 quas
1517 714 1616 744 effuse
1644 714 1731 744 velut
1759 714 1798 744 de
1827 714 1930 744 alieno
1959 723 2022 743 non

373 772 500 799 veretur
524 768 639 802 facere,
665 778 727 797 non
751 767 910 798 attendas,
955 766 1060 806 Vulgo
1085 766 1241 807 siquidem
1259 766 1381 806 dicitur,
1407 765 1492 807 quod
1516 766 1604 806 large
1629 765 1764 806 corrigie
1789 765 1828 795 (le
1845 765 1930 796 corio
1948 775 2022 795 con-

373 823 544 850 sueverunt
561 819 627 849 fieri
646 819 778 849 alienoss.
825 817 896 848 Hoc
913 817 1060 858 probavit
1084 818 1212 857 sapiens
1236 817 1267 847 in
1290 817 1352 847 illis
1369 817 1493 847 duabus
1510 817 1705 851 mulieribus
1731 827 1865 858 quarum
1881 815 2024 857 quelibet

375 871 528 901 infantem
547 871 650 900 vivum
669 880 758 900 suum
776 870 939 910 proprium
957 868 1149 899 asserebatb.
1198 868 1277 899 Cum
1296 869 1380 899 enim
1399 869 1548 899 dixisset:
1573 868 1725 899 ‘Dividite
1749 868 1903 899 infantem
1927 877 2023 897 unum

374 930 405 952 et
435 921 565 952 cuilibet
593 921 717 951 mulieri
746 920 909 951 dimidiam
938 920 1033 957 date’„
1062 920 1115 950 illa
1143 921 1231 950 cuius
1262 923 1331 950 erat
1362 920 1443 950 filius
1474 920 1555 950 dixit
1586 920 1668 960 regi:
1710 918 1864 950 ‘Obsecro
1895 919 2023 949 domine

374 973 447 1004 date
472 973 517 1003 illi
533 973 687 1003 infantem
704 973 809 1002 vivum
828 975 860 1002 et
876 982 937 1002 non
955 970 1141 1002 occidatur-³.
1189 971 1263 1002 Alia
1280 982 1355 1002 vero
1374 971 1513 1002 dicebat:
1537 970 1617 1002 ‘Nec
1635 971 1731 1002 miehi
1749 981 1807 1001 nec
1826 970 1883 1001 tibi
1900 970 1949 1009 sit,
1966 969 2023 1000 sed

376 1024 560 1055 dividatur-⁷.
593 1024 665 1054 Rex
683 1028 790 1054 autem
808 1023 952 1064 precepit
970 1023 1091 1053 dicens:
1109 1022 1203 1053 ‘Date
1220 1023 1292 1053 huic
1310 1023 1432 1054 scilicet
1448 1033 1509 1064 que
1527 1022 1680 1053 infantem
1698 1022 1832 1053 interfici
1848 1022 1949 1052 noluit
1965 1031 2024 1052 nec

374 1075 538 1106 dimidiam
563 1076 622 1106 sibi
646 1075 729 1111 dari,
760 1078 792 1106 et
821 1086 883 1105 non
909 1074 1081 1106 occidatur.
1128 1074 1199 1105 Hec
1227 1075 1324 1105 enim'
1353 1075 1455 1115 inquit
1483 1073 1542 1105 ‘est
1573 1078 1677 1105 mater
1705 1073 1812 1104 eius&
1866 1073 2025 1114 Cognovit

374 1128 481 1168 itaque
506 1127 590 1157 illam
617 1137 678 1157 non
704 1137 773 1157 esse
798 1130 933 1157 matrem
960 1136 1021 1166 que
1047 1126 1201 1156 infantem
1226 1127 1326 1157 voluit
1350 1125 1463 1158 dividi.
1495 1125 1551 1156 sed
1576 1126 1663 1156 illam
1695 1136 1755 1166 que
1785 1126 1888 1166 ipsum
1917 1125 2024 1154 vivum

374 1179 473 1209 voluit
497 1179 683 1219 preservari.
731 1177 782 1208 Sic
808 1178 903 1208 etiam
931 1177 1010 1207 dixit
1034 1177 1101 1217 ipse
1126 1177 1271 1208 Bararus
1297 1177 1335 1208 de
1360 1178 1496 1218 imperio
1521 1178 1610 1208 fratri
1635 1180 1704 1207 tuo:
1733 1176 1812 1207 ‘Nec
1841 1176 1936 1207 michi
1965 1185 2024 1206 nec

375 1231 431 1261 tibi
456 1231 504 1269 sitv7
529 1230 585 1260 sed
610 1228 793 1260 divide-tuf.
840 1228 889 1259 Ex
914 1239 976 1269 quo
1001 1229 1163 1269 sapientes
1188 1233 1321 1269 possunt
1345 1229 1512 1260 evidenter
1535 1229 1717 1269 percipere,
1748 1227 1834 1269 quod
1864 1228 1904 1259 ad
1928 1228 2023 1258 istum

377 1292 435 1313 nec
459 1292 593 1322 regnum
618 1292 675 1311 nec
693 1281 862 1321 imperium
887 1280 1020 1321 perinde
1045 1281 1214 1320 pertineat,
1240 1291 1310 1311 cum
1335 1281 1435 1311 effuse
1460 1291 1521 1311 non
1545 1283 1694 1311 vereatur
1718 1290 1828 1310 eorum
1852 1280 1936 1310 bona
1960 1279 2023 1309 dis-

375 1333 513 1363 tribuere
542 1336 574 1363 et
597 1332 754 1365 dividere,
784 1335 817 1362 ut
840 1332 940 1372 possit
969 1332 999 1361 in
1028 1343 1084 1362 sua
1113 1333 1268 1363 tirannide
1293 1343 1469 1363 remanere.
1523 1332 1699 1363 Considera
1729 1331 1772 1361 fili
1801 1330 2024 1361 nichilominus

375 1394 474 1425 penas
498 1394 613 1424 graves
636 1384 711 1413 iuris
735 1388 767 1413 et
791 1383 941 1416 hominis,
972 1393 1049 1423 quas
1073 1387 1144 1413 sunt
1168 1383 1359 1414 adherentes
1390 1384 1418 1414 ci
1442 1383 1492 1414 vel
1517 1383 1557 1414 de
1582 1394 1679 1423 regno
1704 1393 1759 1414 seu
1784 1382 1918 1424 imperio
1944 1382 2023 1412 reei-

375 1436 499 1476 pientcs
523 1434 643 1475 aliquid
669 1434 835 1472 incursuri³
861 1438 934 1464 necc
957 1444 976 1463 a
999 1441 1101 1464 matre
1126 1438 1180 1464 tua
1209 1438 1318 1465 sancta
1343 1434 1479 1465 ecelesia
1497 1434 1664 1467 catholica.
1689 1443 1750 1474 que
1775 1437 1806 1464 te
1831 1433 1914 1474 gerit
1938 1433 2025 1463 velut

374 1486 586 1527 predilectum
611 1485 710 1515 filium
735 1486 764 1515 in
789 1485 930 1515 caritatis
954 1485 1140 1518 visceribus,
1165 1495 1295 1525 separes
1320 1486 1448 1524 11111019,Γ
1478 1486 1586 1526 precio
1610 1485 1660 1515 vel
1685 1494 1805 1523 amore,
1829 1484 1885 1515 sed
1911 1485 1953 1514 sic
1978 1483 2023 1514 illi

375 1538 498 1568 iunctus
522 1537 661 1567 caritatis
685 1537 806 1577 glutino
832 1537 988 1567 adherere
1013 1537 1154 1574 studeas,
1179 1537 1263 1577 quod
1290 1547 1450 1575 coronam,
1476 1547 1536 1578 que
1562 1537 1636 1567 solis
1661 1540 1708 1567 est
1732 1547 1803 1567 cum
1831 1535 1886 1566 illa
1914 1545 2022 1576 perse·

376 1588 559 1619 verentibus
583 1589 784 1628 repromissa.
810 1588 977 1628 percipere
1001 1589 1163 1619 merearis.
1212 1588 1306 1623 Quod
1323 1588 1380 1618 tibi
1405 1588 1570 1628 concedat,
1595 1589 1647 1629 qui
1670 1587 1751 1618 velle
1777 1587 1885 1618 tribuit
1907 1586 1969 1617 hoc
1993 1589 2025 1617 et

376 1650 479 1681 posse.
526 1639 649 1670 Scimus
673 1640 726 1676 fili,
752 1639 836 1680 quod
861 1639 887 1669 si
911 1639 970 1670 hec
989 1650 1049 1680 que
1075 1639 1130 1669 tibi
1148 1639 1318 1670 suademus
1335 1640 1512 1680 adimplere
1530 1639 1698 1679 studueris,
1723 1640 1822 1678 favor,
1847 1639 2024 1670 subsidium

377 1695 407 1722 et
431 1691 584 1722 auxilium
613 1691 747 1721 ecclesie
772 1690 828 1721 tibi
858 1701 918 1720 non
949 1690 1098 1723 deerunt.
1131 1690 1188 1721 sed
1219 1691 1355 1721 aderunt
1383 1692 1493 1731 pocius
1522 1691 1606 1721 circa
1636 1701 1687 1726 eaq
1719 1691 1799 1721 sicut
1836 1701 1893 1731 per
1921 1696 2024 1722 certos

377 1743 516 1774 nuncios.
541 1753 620 1783 quos
644 1742 683 1772 ad
709 1753 762 1772 eas
787 1745 894 1782 partes
918 1742 1078 1772 destinare
1103 1743 1320 1782 proponimus„
1347 1746 1398 1772 tue
1424 1742 1665 1782 magnificencie
1691 1741 1814 1782 plenius
1838 1743 1980 1783 patefiet.

482 1793 554 1824 Dat.
581 1794 774 1831 Avinionl'e).
799 1793 840 1823 ΙΙ.
859 1793 930 1823 Kal.
955 1794 1102 1833 Augusti.
1127 1804 1210 1824 anno
1236 1794 1487 1835 quartodecimo.

506 1906 591 1941 814.
634 1906 783 1940 Litterae
812 1906 959 1940 Iohanni
988 1908 1066 1950 fessi,
1096 1906 1299 1941 Baldem'no
1328 1907 1582 1950 archiepiscopo
1611 1909 1638 1940 et
1669 1905 1784 1940 ottoni
1813 1907 1890 1941 daei

991 1970 1149 2004 directae.
1257 1969 1325 2005 Iul.
1351 1970 1408 2003 31.

487 2044 583 2082 (epia
608 2044 659 2081 (esi
686 2042 793 2073 ibidem
819 2043 1001 2073 tom.11.311
1025 2042 1078 2080 fol.
1097 2040 1173 2072 171¹
1198 2053 1244 2074 nr.
1260 2044 1353 2075 1971.
1393 2042 1591 2074 Conteclinms
1614 2052 1679 2074 7208.
1706 2062 1743 2065 —
1768 2042 1828 2073 Ed.
1844 2042 2026 2075 Saum-land

376 2095 562 2127 ‘Urlrzcnden
589 2094 652 2124 mad
674 2094 831 2132 Reyesten'
849 2093 896 2130 II,
915 2095 978 2123 347
1001 2105 1048 2124 nr.
1067 2095 1150 2124 1030
1174 2105 1211 2125 ex
1235 2104 1260 2125 e.

484 2154 628 2189 Bobium
654 2153 727 2192 Rea
751 2152 860 2183 chrlw.
881 2164 913 2193 J).
931 2154 995 2183 233
1020 2153 1132 2184 Pr'lhsle
1154 2164 1201 2184 ην.
1221 2155 1292 2184 104.

486 2230 565 2270 Regi
591 2230 736 2261 Boemie.

490 2285 513 2311 1.
538 2282 641 2321 Regio
659 2281 839 2311 serenitatis
856 2281 979 2311 litteras
996 2281 1120 2321 pridem
1137 2283 1317 2322 recepimus
1334 2283 1542 2321 continentes3
1568 2281 1729 2322 quomodo
1746 2288 1779 2312 tu
1795 2282 1839 2312 fili
1863 2283 2024 2314 carissime

379 2337 409 2363 ct
433 2332 624 2362 venerabilis
648 2332 746 2362 frater
769 2336 877 2362 noster
902 2356 932 2362 ..
957 2332 1215 2373 archiepiscopus
1239 2333 1445 2364 Treverensis
1468 2338 1599 2375 patruus
1627 2336 1699 2363 tuus
1723 2332 1835 2364 diebus
1858 2334 1926 2364 istis
1950 2344 2021 2364 cum

378 2384 502 2414 Bavaro
529 2383 568 2413 de
592 2383 754 2413 voluntate
780 2387 811 2413 et
835 2383 1027 2413 conscientia
1050 2385 1211 2424 magnifici
1235 2385 1386 2425 principis
1404 2384 1530 2415 Ottonis
1555 2383 1643 2414 ducis
1659 2384 1788 2414 Austrie
1812 2388 1844 2414 et
1868 2394 1925 2424 per
1949 2395 2022 2416 eum

379 2445 473 2475 super
497 2434 556 2464 hoc
581 2434 740 2464 informati
772 2434 895 2474 plenius
919 2438 1072 2465 tractatus
1097 2436 1221 2476 aliquos
1245 2436 1456 2477 personaliter
1484 2435 1648 2466 habuistis.
1703 2434 1764 2470 Qui
1789 2435 1916 2476 quidem
1942 2439 2024 2466 trae-

380 2489 463 2516 tatus
487 2489 594 2515 sancte
619 2485 762 2515 Romane
787 2485 922 2515 ecclesie
947 2496 982 2516 ae
1008 2496 1142 2525 persone
1168 2491 1273 2517 nostre
1298 2487 1472 2518 secundum
1495 2491 1584 2517 tuum
1608 2487 1651 2516 fili
1676 2487 1836 2517 carissime
1861 2496 1898 2517 ac
1922 2486 2023 2517 dicto-

380 2548 447 2567 rum
472 2536 649 2577 principum
677 2536 826 2566 iudicium
852 2536 1022 2566 utilitatem
1047 2538 1220 2577 respiciunt
1244 2539 1274 2568 in
1299 2538 1445 2569 omnibus
1473 2542 1506 2569 et
1528 2538 1696 2575 honorem,
1728 2540 1822 2578 prout
1852 2541 1885 2567 tu
1910 2540 1942 2568 et
1964 2538 2024 2578 ipsi

381 2598 436 2628 per
460 2587 698 2618 ambaxiatores
723 2593 845 2617 vestros
874 2587 1020 2617 solennes
1048 2588 1077 2617 in
1103 2589 1248 2628 proximo
1274 2589 1479 2620 destinandos
1510 2589 1549 2619 ud
1575 2589 1692 2619 curiam
1722 2599 1779 2619 nos
1808 2588 2024 2619 intendebatis

482 2673 546 2698 813.
576 2673 599 2701 bs·
618 2673 738 2697 afferebat
759 2681 778 2697 c.
868 2675 888 2701 ¹³)
907 2679 929 2696 et
944 2681 963 2697 c.

483 2734 492 2757 1
506 2744 507 2751 1
530 2732 567 2757 (ss.
584 2731 644 2757 Gal.
660 2734 682 2758 Γ»,
700 2735 721 2756 9.
793 2731 818 2756 2⁴)
841 2730 913 2756 Orid,
928 2740 971 2755 'trs
985 2734 1063 2757 (nezul,
1082 2737 1101 2763 1,
1117 2737 1165 2757 444
1179 2732 1216 2759 (J.
1226 2733 1423 2765 WERNERJ.
1496 2734 1522 2763 3)
1544 2733 1584 2764 Cf,
1600 2732 1678 2758 Bcbel
1691 2732 1844 2758 *Prorerbia
1856 2731 2020 2764 yermanica'

378 2774 414 2799 {sl⁴
437 2775 567 2807 δάνιίιῃτυ·
587 2783 626 2799 nr.
641 2778 689 2800 245
708 2774 745 2801 (J.
758 2774 950 2800 11⁷ERXEJ1³›.
1039 2776 1064 2806 4)
1086 2780 1107 2800 -“,’.
1123 2775 1188 2808 Rq.
1202 2779 1225 2808 13,
1240 2780 1356 2802 25—27.

2043 720 2066 739 10

2043 977 2066 995 15

2043 1233 2067 1252 20

2043 1491 2067 1509 25

2043 1747 2069 1765 30

2044 2101 2067 2119 35

2042 2392 2067 2411 40

2042 2687 2067 2704 45
