2205 3025
142 835 164 853 10

141 1094 164 1112 25

142 1350 166 1368 20

143 1606 167 1625 ⁴25

144 1859 169 1877 30

145 2229 170 2248 35

149 2479 174 2497 40

379 115 475 141 ACTA
495 114 607 141 REGNI
628 114 809 141 LUDEWICI
829 114 875 140 IV.
895 113 940 139 ET
959 113 1143 139 FRIDERICI
1164 113 1211 138 111.
1250 113 1323 138 1325.
1362 112 1408 138 ΝΥ.
1422 112 1480 138 202³.
1500 113 1557 138 210.
1578 113 1635 139 211.
1775 116 1830 144 141

183 202 224 233 de
248 201 372 232 Abacia
396 203 583 232 canonicum
607 201 761 232 Valencie
792 204 1033 241 procuratorem
1057 203 1199 230 nostrum
1228 199 1259 229 in
1282 199 1427 230 Romana
1454 200 1539 229 curia
1568 198 1607 229 de
1641 198 1833 239 quibusdam

183 254 267 284 circa
291 253 348 284 hec
367 253 499 284 fecimus
522 253 737 290 informatum,
762 253 826 283 suis
844 253 970 293 placeat
987 251 1139 282 relatibus
1156 250 1288 281 credere
1305 251 1336 280 in
1354 250 1523 291 premissis.
1571 250 1607 280 Ι11
1631 250 1690 280 hiis
1714 255 1833 284 autem.

185 304 412 345 benignissime
443 308 549 345 pater,
582 303 672 334 nobis
701 303 875 344 specialem
904 304 1044 344 graciam
1074 306 1181 333 vestra
1208 301 1388 342 benignitas
1420 301 1587 332 exhibebit
1616 306 1648 332 et
1679 301 1834 342 obligabit

184 355 406 386 vehementius
430 355 470 386 ad
494 356 672 396 graciarum
696 355 812 386 uberes
835 356 991 385 acciones.
1044 354 1104 389 Qui
1129 357 1240 384 cuncta
1266 353 1419 394 disponit,
1444 353 1638 393 preelectum
1664 363 1833 393 personam

184 410 321 437 vestram
346 410 512 437 conservet
536 410 569 437 et
591 408 698 437 vivere
723 406 820 437 faciat
844 417 901 437 suo
926 409 1034 436 sancto
1060 406 1193 436 servicio
1218 416 1275 445 per
1299 408 1445 445 tempora
1469 405 1625 445 longiora.

291 458 408 488 Datum
434 458 644 490 Barchinone.
672 458 728 488 III.
749 457 849 487 Nonis
873 457 1081 498 Septembris,
1105 467 1187 487 anno
1212 456 1341 486 Domini
1365 456 1534 486 millesimo
1559 455 1707 487 CCOXX
1731 459 1833 486 sexto.

712 517 867 547 Dominus
892 528 947 547 rex
973 527 1067 547 manu
1093 516 1248 547 Bernardi
1273 516 1312 547 (le
1337 517 1513 551 Aversona,
1539 517 1587 547 cui
1614 516 1671 546 fuit
1695 515 1788 546 lecta.

352 657 438 692 9210.
485 656 634 690 Litterae
661 656 808 689 ciusdem
838 656 885 688 ml
912 654 1155 698 Neapolemlem
1186 653 1407 688 cardinalem.
1514 655 1605 698 Sept.
1627 655 1660 687 3.

294 730 391 769 Copia
407 731 462 769 (c.)
480 728 590 759 ibidem
611 728 667 767 fol.
685 729 746 758 28¹.
772 746 811 749 —
829 727 890 757 Ed.
908 727 1068 766 Zeissbery
1092 727 1111 757 l.
1129 738 1152 757 c.
1172 737 1207 765 2).
1224 730 1266 756 83
1289 729 1395 757 =az›·.1s.1‘1
1419 738 1457 757 cr
1481 738 1505 758 c.
1554 728 1629 758 Πομ]
1656 728 1834 768 repetimus.

290 823 482 855 Reverendo
507 824 536 853 in
563 822 687 853 Christo
714 823 794 862 patri
820 822 948 852 domino
974 821 1174 862 Neapoleoni
1204 821 1308 851 diviua
1341 821 1546 861 providencia
1571 822 1677 852 Sancti
1702 822 1835 853 Adriani

184 876 339 907 diachono
365 875 518 906 cardinali
542 873 673 914 speciali
691 874 793 904 amico
819 877 925 903 nostro
1018 872 1152 903 Iacobus
1169 876 1228 902 etc.
1319 872 1455 903 salutem
1480 877 1511 903 et
1529 873 1669 904 debitam
1687 883 1835 904 reveren-

185 929 265 959 ciam
290 938 359 958 cum
386 927 515 956 honore.

292 978 526 1009 Pate-mitatem
541 981 679 1007 vestram
697 977 843 1007 nolumus
861 977 1018 1017 ignorare,
1045 986 1100 1005 nos
1119 976 1244 1005 noviter
1260 975 1400 1005 litteras¹
1422 976 1579 1015 recepisse
1597 976 1636 1006 ab
1655 977 1835 1007 excellente

186 1031 327 1072 principe
352 1029 523 1060 Frederico
549 1028 766 1059 Romanorum
797 1038 872 1066 rege
900 1038 1028 1068 semper
1051 1032 1188 1068 augusto
1217 1037 1336 1067 genero
1362 1030 1482 1058 nostro.
1515 1037 1610 1067 quein
1635 1027 1835 1058 karissimum

184 1082 341 1113 habemus
364 1086 398 1112 ut
422 1081 535 1112 filium.
565 1090 622 1121 per
646 1091 724 1120 quas
749 1090 804 1109 nos
829 1079 1021 1120 deprecatus
1046 1082 1107 1109 est.
1139 1082 1173 1108 ut
1197 1089 1267 1108 cum
1301 1079 1362 1108 iam
1395 1078 1435 1108 ad
1465 1082 1607 1108 sanctam
1637 1080 1836 1119 presenciam

186 1133 361 1175 apostolice.
386 1133 549 1173 dignitatis
573 1133 694 1162 miserit
717 1132 848 1162 nuncios
872 1142 945 1161 snos
975 1134 1006 1161 et
1031 1131 1060 1160 in
1084 1130 1231 1171 proximo
1256 1129 1500 1170 sollempniores
1528 1130 1672 1160 intendat
1700 1131 1837 1163 mittere.

185 1185 415 1226 suplicaremns
439 1184 568 1214 domiuo
593 1194 685 1224 pape,
711 1186 745 1213 ut
768 1183 797 1212 in
823 1183 886 1212 suis
911 1182 1051 1223 negociis
1076 1185 1107 1212 et
1132 1181 1266 1222 agendis
1294 1182 1363 1211 eius
1386 1181 1662 1211 ambaxiatoribus
1689 1182 1776 1222 pium
1807 1186 1839 1212 et

186 1237 357 1277 benignum
384 1235 526 1266 auditum
552 1234 705 1265 adhibeat
730 1238 762 1264 et
784 1236 883 1275 petita
911 1244 967 1274 per
992 1244 1046 1263 eos
1063 1234 1238 1264 clementer
1256 1233 1410 1263 exaudiat
1434 1237 1466 1263 et
1482 1233 1640 1263 admittat.
1690 1233 1838 1263 Adiciens

187 1288 271 1329 quod
301 1298 340 1318 ex
374 1287 433 1317 hoc
463 1297 520 1327 per
543 1287 646 1327 ipsum
678 1286 717 1316 ad
748 1287 846 1326 ipsius
871 1286 991 1316 domini
1015 1296 1098 1326 pape
1129 1290 1160 1315 et
1184 1289 1292 1315 sancte
1317 1284 1462 1315 Romane
1492 1285 1629 1315 ecclesie
1654 1284 1782 1315 laudem
1807 1289 1838 1315 et

185 1341 339 1371 honorem
358 1342 521 1379 tamquam
547 1349 604 1378 per
627 1348 717 1368 sunm
735 1337 975 1368 devotissimum
1001 1337 1109 1371 filium,
1135 1337 1186 1377 qui
1212 1337 1275 1366 suis
1291 1346 1419 1377 semper
1437 1336 1594 1366 mandatis
1612 1336 1838 1376 obtemperare

184 1395 252 1422 tota
275 1402 331 1421 sua
348 1390 543 1431 posibilitate
568 1390 700 1430 eiusque
718 1389 926 1429 beneplacitis
951 1388 1142 1419 conformari
1167 1387 1311 1425 intendit,
1337 1388 1424 1428 pacis
1449 1388 1669 1428 tranquillitas7
1694 1388 1782 1427 quies
1807 1391 1839 1417 ct

185 1442 355 1474 comodum
384 1442 469 1472 omni
493 1441 610 1472 Christi
640 1441 781 1470 fidelium
806 1441 1003 1470 universitati
1034 1439 1160 1470 volente
1190 1439 1328 1469 Domino
1360 1442 1509 1479 poterunt
1537 1439 1714 1479 provenire.
1772 1438 1838 1468 Nos

185 1498 303 1526 autem.
328 1504 398 1524 cum
423 1503 463 1523 ex
488 1493 662 1523 affeccione
688 1496 822 1532 paterna
847 1502 908 1532 qua
935 1502 1006 1521 cum
1032 1491 1267 1532 pr‹1›seqnimnr.
1300 1495 1364 1520 tum
1390 1501 1431 1521 ex
1455 1491 1519 1520 suis
1544 1490 1694 1530 predictis
1718 1490 1837 1520 inducti

186 1547 299 1577 litteris
323 1545 517 1585 suplicamus
547 1544 675 1574 domino
700 1554 784 1583 pape
810 1554 865 1583 pro
891 1543 1033 1581 negociis
1058 1542 1133 1572 dicti
1159 1543 1243 1582 regis
1267 1553 1324 1583 per
1349 1542 1487 1572 litteram
1511 1542 1715 1583 specialem&
1742 1551 1836 1581 quam

188 1608 245 1638 per
273 1596 445 1626 discretum
470 1595 601 1625 Petrum
635 1595 674 1624 de
706 1594 849 1625 Abbacia
882 1594 1032 1623 dilectum
1063 1593 1277 1624 consiliarium
1307 1597 1338 1623 et
1370 1596 1607 1633 procuratorem
1637 1596 1778 1623 nostrum
1807 1592 1838 1621 iu

185 1649 332 1679 Romana
356 1648 443 1678 curia
467 1647 613 1677 iussimus
643 1646 834 1686 presentari.
864 1656 958 1686 quem
985 1645 1234 1676 informavimus.
1260 1645 1396 1685 qualiter
1421 1646 1449 1674 in
1475 1645 1637 1685 premissis
1661 1655 1694 1674 se
1720 1643 1838 1674 habere

186 1699 304 1729 debeat
333 1702 437 1728 vestro
469 1697 587 1727 auxilio
619 1701 651 1726 et
682 1697 812 1726 consilio
850 1696 1018 1737 requisitis.
1087 1696 1268 1736 Eaproptcr
1299 1696 1523 1735 paternitatem
1557 1701 1694 1726 vestram
1730 1695 1837 1725 intima

186 1751 359 1781 affeccione
384 1749 488 1779 cordis
513 1759 676 1789 roganiuS.
709 1749 856 1788 quatinus
880 1752 1057 1778 memorato
1083 1747 1180 1777 Petro
1210 1748 1382 1777 consulatis
1410 1751 1442 1777 ct
1472 1747 1616 1787 dirigatis
1645 1751 1676 1776 et
1700 1750 1837 1776 vestrum

187 1803 321 1843 prebere
347 1802 474 1842 placeat
498 1801 650 1831 auxilium
681 1804 712 1829 et
742 1800 884 1830 favorem
915 1804 945 1829 et
978 1799 1143 1829 consilium
1176 1799 1204 1829 in
1235 1799 1427 1839 picscriptis.
1486 1798 1535 1828 Ex
1569 1809 1684 1838 magno
1721 1797 1839 1827 etenim

188 1854 311 1884 debito.
342 1863 404 1893 quo
430 1851 532 1882 dictus
557 1862 612 1881 rex
638 1852 728 1882 nobis
753 1852 968 1891 coniungitur.
997 1850 1124 1892 placida
1149 1851 1207 1881 hec
1231 1850 1401 1891 plurimum
1428 1849 1616 1880 habebimus
1641 1854 1672 1879 et
1697 1852 1838 1889 accepta.

295 1905 413 1935 Datum
440 1903 651 1934 Barebiuone.
681 1903 736 1933 ΙΙΙ.
755 1903 854 1933 Nonis
879 1902 1087 1943 Septembris,
1113 1913 1195 1933 anno
1223 1902 1348 1932 Domini
1374 1901 1542 1932 millesimo
1567 1900 1713 1931 UCCXX
1738 1904 1840 1930 sexto.

1697 1951 1794 1981 ldem.

377 2044 462 2078 911.
506 2043 658 2078 Litterae
684 2044 832 2077 eiusdem
862 2044 907 2075 ml
930 2047 1191 2087 Jn'0(:e{rafm·em
1223 2044 1256 2075 iu
1287 2042 1394 2075 caria.
1501 2041 1592 2084 Sept.
1614 2043 1647 2075 3¹.

299 2118 396 2156 Copia
415 2120 465 2157 (pc.)
487 2118 595 2148 ibidem
620 2117 672 2155 sol.
690 2120 754 2149 251¹,
779 2137 819 2140 —
836 2118 897 2148 Ed.
916 2117 1077 2156 Zcissbergl
1101 2116 1120 2148 l.
1137 2128 1161 2148 c.
1181 2127 1214 2155 μ
1233 2118 1272 2146 84
1299 2127 1345 2147 nr.
1363 2118 1404 2143 ssi
1427 2126 1464 2145 at*
1489 2126 1512 2145 c.
1562 2114 1638 2145 Item
1665 2114 1840 2152 mpctimus.

298 2211 434 2242 Iacobus
452 2215 511 2242 etc.
602 2211 718 2242 dilecto
743 2212 921 2242 consiliario
948 2216 979 2241 et
1004 2211 1201 2251 procuratori
1225 2214 1333 2240 nostro
1358 2210 1386 2239 in
1405 2209 1548 2239 Romana
1575 2209 1660 2238 curia
1679 2208 1776 2238 Petro
1802 2207 1840 2237 de

190 2262 333 2293 Abbacia
357 2264 509 2293 canonico
535 2263 688 2294 Valencic
714 2266 773 2293 etc.

297 2313 384 2344 Scire
409 2325 464 2344 vos
481 2315 626 2344 volumus
650 2325 706 2345 nos
730 2314 790 2344 hiis
814 2314 927 2344 diebus
951 2314 1090 2344 litteram
1105 2314 1114 2332 ¹
1138 2313 1298 2353 recepisse
1323 2324 1338 2342 a
1363 2312 1505 2352 principe
1523 2311 1702 2341 excellente
1721 2309 1839 2340 Frede-

189 2366 253 2395 rico
277 2365 494 2396 Romanorum
521 2376 596 2406 rege
621 2376 748 2406 semper
772 2370 907 2406 augusto
926 2376 1045 2406 genero
1070 2368 1177 2395 nostro
1203 2364 1369 2394 karissimo
1395 2363 1483 2393 nobis
1507 2366 1541 2392 ut
1565 2363 1639 2394 tilio,
1666 2372 1721 2402 per
1745 2371 1839 2401 quam

190 2417 378 2456 significavit
400 2417 492 2448 nobis
516 2429 549 2448 se
575 2418 605 2448 in
630 2418 757 2448 instanti
781 2417 822 2447 ad
847 2417 1036 2447 sanctissimi
1061 2417 1160 2457 patris
1185 2415 1305 2445 domini
1330 2415 1443 2445 summi
1461 2413 1618 2454 pontificis
1642 2412 1839 2453 presenciam

193 2477 265 2497 suos
295 2468 521 2499 ambaxatores
552 2478 648 2508 super
675 2470 739 2499 suis
766 2469 900 2509 agendis
937 2472 968 2498 ct
1001 2467 1212 2508 peticionibus
1248 2466 1459 2497 transmisisse
1495 2468 1525 2495 ct
1560 2464 1663 2494 adhuc
1694 2464 1724 2493 in
1754 2463 1840 2492 brevi

192 2520 344 2559 temporis
369 2521 476 2560 spacio
502 2520 745 2560 sollempniores
774 2519 814 2550 ad
843 2520 946 2560 ipsum
971 2520 1102 2550 nuncios
1126 2519 1398 2549 transmissurum.
1424 2516 1564 2556 rogando
1590 2526 1660 2553 nos,
1686 2518 1719 2545 ut
1743 2514 1839 2553 supli-

192 2579 336 2600 caremus
360 2571 445 2601 dicto
479 2570 606 2602 domino
637 2582 735 2612 pape.
766 2575 799 2601 ut
823 2572 853 2601 in
882 2572 946 2601 suis
974 2571 1116 2611 negociis
1146 2574 1177 2600 et
1205 2569 1337 2609 agendis
1368 2568 1459 2598 dictis
1490 2568 1557 2597 eius
1581 2564 1839 2597 ambaxatoribus

192 2621 278 2660 pium
303 2626 334 2652 et
357 2622 529 2662 benignum
555 2622 698 2652 auditum
724 2622 877 2652 adhibeat
901 2626 932 2652 et
956 2623 1056 2662 petita
1086 2631 1143 2661 per
1171 2631 1226 2651 cos
1251 2620 1424 2650 clementer
1448 2617 1601 2648 exaudiat
1626 2621 1657 2647 et
1681 2615 1838 2646 admittat.

296 2723 320 2753 l)
340 2722 428 2755 Supra
447 2731 489 2748 Μ’.
504 2727 559 2749 194.
648 2723 673 2747 21
696 2723 744 2748 Nr.
759 2727 814 2748 2010.
