2205 3025
364 130 426 157 455
597 122 691 150 ACTA
714 121 825 147 REGNI
846 119 1030 146 LUDEWICI
1051 119 1097 145 IV.
1117 118 1163 144 ET
1184 117 1367 144 FRIDERICI
1387 118 1435 144 111.
1473 118 1547 144 1329.
1585 117 1633 144 ΝΥ.
1647 117 1705 144 548.
1724 117 1782 144 549.

471 209 652 240 Ludovicus
676 208 737 238 Dei
760 207 863 248 gratia
881 206 1099 236 Romanorum
1122 205 1298 245 imperator
1322 213 1450 244 semper
1473 207 1625 245 augustus
1714 203 1812 233 nobili
1836 203 1902 234 viro
1926 203 2013 234 Pon-

365 261 433 289 zino
464 260 503 290 dc
528 259 730 289 Ponzonibus
759 257 850 288 militi
880 256 1101 289 Cremonensi,
1131 265 1187 285 suo
1217 258 1249 285 et
1276 256 1402 296 imperii
1431 255 1518 286 fideli
1547 255 1663 286 dilecto
1758 255 1894 295 gratiam
1924 265 2013 285 suam

364 315 396 341 ct
419 321 512 341 omne
536 310 665 340 bonum.

470 362 546 391 Tuis
575 371 707 402 operum
736 359 914 391 actionibus
943 359 975 388 in
1004 361 1111 388 nostro
1141 360 1172 388 et
1200 357 1325 398 imperii
1354 358 1477 398 gremio
1506 357 1547 388 ab
1577 360 1712 398 experto
1740 357 1872 396 notatis,
1902 357 2015 399 quibus

365 413 448 453 apud
481 423 537 443 nos
571 416 602 443 et
631 412 814 442 Romanum
848 410 1017 451 imperium
1054 408 1225 449 splendere
1261 408 1472 449 dignosceris,
1508 408 1665 439 laudabili
1700 409 1796 439 etiam
1832 409 2015 440 testimonio

364 464 502 494 Borratii
526 464 634 494 vicarii
659 463 757 493 nostri
787 466 840 492 tue
870 461 1017 492 fidelitati
1042 459 1181 491 scribere
1206 460 1352 500 angimur
1383 463 1414 491 et
1440 470 1614 491 movemur.
1662 459 1745 491 Sane
1775 460 1855 491 sicut
1885 464 2017 491 actenus

365 518 419 545 tua
448 515 547 545 solers
576 513 772 545 consuetudo
803 513 949 547 retinuit,
981 513 1011 542 in
1041 512 1263 542 defensionem
1294 515 1325 542 et
1356 515 1473 542 statum
1503 512 1639 542 civitatis
1670 515 1776 543 nostre
1802 511 1959 542 Cremone
1985 516 2017 542 et

365 567 541 597 emulorum
567 569 598 597 et
621 565 797 596 infidelium
815 564 1054 605 depressionem
1079 563 1235 594 sinceram
1254 562 1459 594 devotionem
1483 566 1570 593 tuam
1595 563 1785 604 requirimus
1809 566 1841 594 et
1865 566 2016 604 ortamur,

365 618 408 647 sic
432 617 517 658 quod
547 617 656 647 civitas
684 617 754 656 ipsa
781 615 838 645 sub
869 615 997 645 nomine
1029 617 1060 644 et
1088 613 1210 645 efficaci
1235 613 1392 644 vocabulo
1422 617 1530 644 nostro
1562 617 1594 644 et
1621 615 1747 654 imperii
1778 617 1833 645 tua
1863 614 2018 646 industria

364 671 482 708 tuaque
508 667 708 698 solicitudine
734 670 766 698 et
790 666 959 707 prudentia
983 665 1175 696 defendatur
1199 669 1231 696 et
1255 669 1459 706 preservetur
1483 668 1515 696 et
1538 665 1579 695 ad
1605 675 1643 696 ea
1666 665 1840 697 ferventius
1857 667 2017 697 animeris.

364 720 401 749 In
424 719 485 750 hoc
500 720 607 759 etiam,
631 722 665 749 ut
682 719 867 749 comunitati
884 718 1079 751 scribimus&
1104 716 1326 758 participando
1351 720 1382 748 et
1400 717 1594 748 consulendo
1611 721 1707 758 prout
1723 717 1839 748 videris
1863 717 2016 758 expedire

366 782 436 802 cum
472 771 595 802 dilectis
628 771 743 801 nostris
773 769 916 800 Iohanne
948 769 1056 810 legato
1085 772 1117 800 et
1145 769 1255 799 Azone
1287 768 1326 799 de
1351 768 1604 799 Vicecomitibus
1627 768 1860 799 Mediolanensi
1888 770 2018 809 vicario,

366 823 479 863 quibus
503 823 621 853 seriose
647 822 850 852 conmisimus
875 831 936 862 que
962 820 1148 861 expediunt.

472 874 545 904 Dat.
570 873 697 913 pisos),
722 873 773 903 die
798 873 953 913 vigesimo
978 875 1069 902 sexto
1094 871 1249 911 Ianuarii,
1273 871 1350 902 XII.
1376 871 1498 902 indict..
1529 871 1637 911 regni³
1663 872 1761 902 nostri
1786 882 1868 902 anno
1892 871 2018 912 quinto-

367 925 502 957 decimo,
527 925 651 965 imperii
677 935 752 955 vero
777 923 946 954 seeundoa.

504 1071 586 1106 549.
628 1071 851 1114 Confirnmtio
879 1071 1128 1114 infhudatimzis
1151 1082 1217 1115 pro
1246 1070 1351 1104 Nerio
1379 1070 1419 1104 (Ie
1447 1070 1601 1114 Faqiola.
1708 1071 1809 1105 Febr.
1824 1073 1880 1106 15.

479 1154 577 1193 Copia
602 1156 653 1191 (c.)
677 1164 755 1185 saec.
776 1153 851 1184 XV.
879 1154 911 1184 ἱιι
935 1153 1093 1185 tabulario
1117 1154 1199 1192 reqio
1222 1153 1408 1183 Florentino
1433 1153 1513 1184 ‘Am'
1530 1153 1653 1192 publici
1676 1153 1698 1184 Ι
1718 1163 1766 1184 ην.
1786 1153 1845 1183 12’.
1882 1173 1922 1176 ——
1956 1153 2018 1185 Ed.

368 1206 483 1237 Fici-er
499 1205 686 1237 ‘Urlmmlen
707 1215 764 1236 ειιν
783 1205 891 1236 Gcsch.
910 1205 962 1236 des
978 1205 1211 1244 Rocmerzngyes'
1228 1205 1342 1243 p.11.0
1366 1215 1414 1235 nr.
1428 1205 1491 1235 224
1514 1215 1552 1236 cxc
1568 1215 1593 1236 c.
1640 1205 1821 1236 Editionem
1840 1205 2018 1244 repetimus.

476 1265 620 1302 Bolum,
644 1265 717 1304 Rea·
736 1264 845 1295 Lmlw.
864 1276 899 1304 p.
916 1265 980 1295 358
1004 1275 1051 1295 nr.
1069 1265 1154 1294 3256
1178 1264 1302 1303 (Addit.
1318 1264 1400 1304 III).

476 1351 656 1382 Inidovicus
686 1351 747 1381 Dei
786 1352 890 1391 gratia
920 1351 1138 1381 Romanorum
1178 1351 1353 1391 imperator
1392 1360 1519 1390 semper
1555 1354 1707 1391 augustus
1817 1351 1916 1382 nobili
1951 1352 2018 1382 viro

368 1402 466 1433 Nerio
491 1407 564 1433 nato
590 1403 724 1433 condam
752 1401 923 1443 Ugucionis
948 1402 987 1433 de
1012 1402 1162 1443 Fagiola,
1192 1413 1247 1432 suo
1273 1405 1306 1432 et
1329 1402 1454 1442 imperii
1487 1401 1573 1432 fideli
1599 1401 1715 1432 dilecto
1826 1403 1962 1443 gratiam
1988 1406 2019 1434 et

371 1464 463 1484 omne
488 1454 614 1484 bonum.

477 1505 525 1535 Ex
550 1508 639 1546 parte
665 1508 719 1536 tua
743 1506 803 1536 fuit
826 1506 985 1536 maiestati
1014 1511 1121 1535 nostre
1151 1505 1313 1535 humiliter
1341 1505 1569 1546 supplicatum,
1599 1508 1756 1545 quatenus
1784 1504 2020 1546 infrascriptum

371 1557 569 1597 }:›rivilegium
595 1556 678 1587 dicto
704 1556 839 1587 condam
865 1557 947 1597 patri
971 1560 1025 1587 tuo
1051 1560 1082 1587 et
1106 1556 1298 1587 Francischo
1323 1556 1413 1586 fratri
1443 1560 1496 1586 tuo
1522 1559 1553 1586 et
1582 1555 1637 1586 tibi
1660 1566 1718 1596 per
1744 1566 1799 1586 nos
1824 1566 2020 1593 concessum,

372 1608 447 1638 (lum
476 1618 601 1638 eramus
630 1609 659 1638 in
692 1609 781 1649 regia
812 1608 980 1648 (lignitate,
1010 1608 1198 1639 confirmare
1223 1612 1254 1638 et
1278 1608 1430 1638 innovare
1460 1606 1517 1638 tibi
1547 1607 1585 1637 (le
1614 1607 1772 1647 imperiali
1802 1607 2020 1639 benivolentia
2039 1621 2050 1639 2

372 1659 583 1700 dignaremur.
630 1659 726 1690 Cuius
751 1659 879 1700 quidem
904 1660 1063 1700 privilegii
1087 1662 1179 1690 tenor
1202 1659 1274 1689 talis
1299 1669 1369 1689 esse
1395 1659 1602 1699 dignoscitur:

479 1719 672 1750 ‘Ludovicus
697 1720 756 1750 Dci
781 1721 885 1761 gratia
902 1739 940 1742 -
960 1721 1057 1751 nostri
1083 1730 1165 1750 anno
1190 1718 1316 1761 primo?
1350 1730 1449 1759 snpra
1473 1722 1544 1751 tom⁴
1565 1718 1594 1747 V
1611 1719 1745 1749 mz‘239.

480 1779 546 1809 Nos
570 1790 643 1809 vcro
673 1781 733 1810 tuis
757 1780 1043 1821 supplicationibus
1070 1780 1212 1810 inclinati
1236 1784 1292 1810 aca
1316 1781 1392 1820 ipsis
1417 1779 1636 1809 favorabiliter
1661 1783 1837 1810 annuentes
1861 1779 2021 1820 prefatum

374 1831 573 1871 privilegium
603 1837 635 1861 et
663 1832 768 1861 omnia
797 1833 826 1861 in
856 1832 925 1872 ipso
954 1836 1102 1862 contenta
1134 1831 1190 1861 tibi
1222 1832 1347 1872 tuisque
1378 1831 1550 1861 heredibus
1582 1831 1610 1860 in
1644 1834 1835 1870 perpetuum
1864 1831 2022 1872 imperiali

373 1882 563 1912 auctoritate
592 1886 623 1912 et
647 1893 686 1912 cx
712 1887 799 1913 certa
823 1884 955 1913 scientia
980 1883 1218 1922 ‹umfirmamuffi
1248 1884 1436 1913 innovamus
1467 1886 1498 1913 et
1526 1882 1683 1922 presentis
1712 1882 1821 1922 scripti
1844 1884 2021 1922 patrocinio

374 1934 613 1971 conununimus,
639 1935 843 1964 concessione
869 1935 975 1975 aliqua
1001 1936 1096 1965 etiam
1122 1945 1179 1975 per
1202 1945 1259 1965 nos
1283 1933 1367 1964 facta
1392 1934 1431 1964 de
1457 1933 1548 1964 dictis
1573 1933 1683 1963 castris
1708 1936 1740 1963 et
1764 1933 1855 1963 terris
1880 1944 1942 1964 non
1966 1934 2022 1964 ob—

375 1987 487 2021 stante,
513 1994 607 2024 quam
632 1994 671 2014 cx
690 1989 777 2015 certa
795 1986 926 2016 scientia
943 1996 1140 2024 revocamus,
1167 1985 1280 2017 eadem
1298 1989 1401 2016 castra
1419 1989 1451 2015 et
1468 1989 1568 2016 terras
1586 1994 1760 2025 earumque
1778 1984 2023 2025 iurisdictiones,

374 2035 533 2064 territoria
551 2038 582 2064 et
600 2034 759 2066 districtus
784 2036 823 2066 ab
842 2037 926 2067 omni
944 2036 1090 2076 collegio.
1115 2038 1332 2075 universitate,
1357 2046 1503 2077 persona,
1530 2035 1643 2076 quibus
1667 2045 1724 2075 per
1747 2046 1804 2065 nos
1827 2046 1883 2066 seu
1899 2040 2024 2067 nostros

375 2085 618 2125 1;·1·cdecessores
642 2092 836 2127 apparerent
859 2091 990 2118 actenus
1016 2099 1166 2119 concessa
1191 2099 1246 2119 seu
1271 2087 1515 2129 quomodolibet
1539 2088 1700 2125 innovata,
1730 2086 1787 2117 tibi
1812 2087 1920 2118 taliter
1943 2087 2022 2118 libe-

376 2140 495 2173 rantes,
526 2140 655 2177 recepto
688 2148 703 2167 a
733 2141 763 2168 te
794 2138 833 2168 ob
865 2138 1009 2178 predicta
1037 2139 1199 2170 fidelitatis
1228 2139 1336 2170 debito
1370 2140 1559 2169 iuramento.
1670 2137 1755 2168 Nulli
1785 2148 1861 2178 ergo
1896 2140 2023 2169 omnino

376 2187 538 2216 hominum
567 2187 662 2217 liceat
693 2188 750 2219 has
781 2194 903 2219 nostras
934 2190 1203 2227 confirmationes,
1236 2191 1457 2221 concessiones
1487 2193 1518 2220 et
1551 2189 1670 2230 gratias
1698 2189 1872 2229 infringere
1897 2189 1947 2220 vel
1979 2191 2024 2221 eis

376 2248 453 2268 ausu
479 2239 648 2268 temerario
674 2240 703 2268 in
727 2239 833 2280 aliquo
859 2241 1024 2270 contraire.
1073 2240 1104 2270 Si
1129 2242 1198 2282 quis
1222 2245 1329 2272 autem
1354 2241 1414 2271 hoc
1439 2244 1618 2281 atemptare
1643 2241 1882 2281 presumpserit,
1908 2251 2024 2282 penam

377 2295 503 2319 centum
527 2288 677 2319 librarum
706 2291 773 2320 auri
804 2291 873 2330 puri
902 2291 1040 2321 incurrat
1064 2292 1132 2332 ipso
1158 2292 1257 2327 facto,
1289 2293 1376 2322 cuius
1406 2302 1487 2333 pene
1517 2291 1675 2322 medietas
1705 2296 1811 2322 nostre
1841 2302 1967 2323 camere
1993 2296 2025 2323 et

377 2339 440 2370 alia
463 2339 620 2370 medietas
650 2340 705 2371 tibi
731 2342 855 2381 tuisque
884 2341 1055 2372 heredibus
1084 2343 1270 2383 applicetur.
1382 2344 1419 2374 In
1449 2344 1536 2374 cuius
1566 2344 1610 2373 rei
1643 2343 1860 2373 testimouium
1895 2354 2026 2384 presens

377 2390 577 2432 privilegium
603 2392 757 2422 conscribi
782 2404 818 2423 uc
843 2394 1018 2423 maiestatis
1042 2402 1148 2424 nostre
1173 2395 1276 2434 sigillo
1302 2396 1449 2425 iussimus
1473 2395 1670 2425 communiri.

486 2441 605 2472 Datum
630 2443 721 2481 Pisis,
746 2454 828 2473 anno
852 2443 979 2473 Domini
1006 2445 1175 2475 millesimo
1201 2446 1425 2476 trecentesimo
1451 2446 1605 2485 vigesimo
1630 2455 1723 2477 nono.
1748 2444 1921 2475 indictione
1946 2445 2024 2475 duo-

379 2493 511 2524 decima.
536 2493 586 2523 ‹lie
605 2494 840 2534 quintodecimo
860 2495 1034 2526 Februarii.
1054 2497 1142 2536 regni
1159 2497 1256 2526 nostri
1274 2508 1355 2527 anno
1374 2496 1622 2538 quintodecimo,
1640 2496 1765 2536 imperii
1782 2506 1856 2526 vero
1874 2496 2024 2527 secundo.

481 2586 545 2612 548.
574 2588 597 2615 a)
617 2589 687 2619 regui
703 2602 734 2605 —
748 2589 859 2613 secumh.
880 2590 932 2613 alia
954 2598 1029 2613 mmm
1050 2590 1106 2612 stila
1128 2591 1209 2613 minus
1229 2595 1302 2615 (ισῑιίο
1318 2595 1376 2621 post
1395 2592 1455 2615 add.
1476 2600 1513 2615 (ιν.

483 2645 547 2671 549.
576 2648 598 2678 ³)
619 2648 665 2671 hac
685 2657 705 2672 c,

484 2723 507 2748 1»
528 2722 615 2755 Supra
637 2731 676 2748 nr.
692 2727 747 2749 547.

2038 680 2063 699 10

2037 937 2060 956 15

2039 1364 2064 1382 20

2042 1895 2066 1914 30

2044 2149 2069 2167 35

2043 2407 2070 2425 40

2044 2731 2068 2750 45
