2205 3025
185 463 196 480 5

174 719 198 737 10

178 977 199 996 15

177 1235 202 1254 20

175 1749 200 1768 30

177 2005 201 2024 35

179 2262 203 2279 40

178 2518 203 2536 55

491 117 587 144 ACTA
607 117 721 144 REGNI
739 116 923 144 LUDEWICI
942 117 989 143 IV.
1008 117 1055 142 ET
1074 115 1259 142 FRIDERICI
1278 116 1326 142 ΙΙΙ.
1363 115 1438 142 1328.
1474 115 1523 141 Nr.
1536 115 1594 141 427.
1804 116 1865 146 329

324 205 410 244 Quae
427 204 614 235 conveniunt
629 214 699 234 cum
709 203 860 235 Processu
876 213 975 242 supra
991 213 1039 233 nr.
1051 203 1123 239 275,
1140 212 1176 233 ea
1190 202 1272 242 typis
1288 202 1462 233 minoribus
1478 201 1659 232 excudenda
1675 202 1866 232 curavimus.

321 260 466 297 Bo‘hmcr,
489 259 562 299 Regy.
580 259 692 290 Ludw.
712 259 826 298 p.221
850 259 965 290 Passbstc
988 269 1036 289 ην.
1058 258 1107 290 72.

324 349 495 392 [Iohannes
519 351 687 390 episcopus
711 360 819 380 servus
844 359 1007 380 servorum
1024 346 1108 390 Dei]
1147 347 1196 378 Ad
1215 347 1441 378 certitudinem
1467 348 1665 388 presentium
1690 351 1722 378 et
1745 357 1867 378 memo-

216 402 297 432 riam
322 401 509 432 futurorum.

328 455 354 482 1.
388 451 518 483 Dudum
535 465 585 490 per
600 456 669 482 facti
692 456 862 482 evidentiam
880 454 1003 482 deducto
1028 455 1057 481 in
1081 455 1223 489 publicam
1246 455 1400 486 notionem,
1418 454 1509 488 quod*<
1528 454 1697 480 Ludovicus
1719 449 1794 480 Olim
1812 454 1867 480 dux

218 507 336 534 Bavarie
353 516 389 533 ac
412 507 445 533 in
469 516 579 541 regem
595 507 785 534 Romanorum
802 507 831 533 in
847 507 988 534 discordia
1004 506 1113 533 tamen
1137 505 1171 532 ut
1194 506 1341 532 dicebatur
1358 506 1463 532 electus
1480 505 1584 538 quique
1609 505 1664 532 suis
1689 505 1868 539 exigentibus

218 558 363 585 demeritis
387 560 507 591 utroque
531 559 663 585 videlicet
686 559 790 585 ducatu
814 561 843 584 et
871 558 944 590 iure,
973 558 995 584 si
1020 558 1094 591 quod
1118 558 1144 584 ei
1168 566 1201 584 ex
1226 557 1365 584 electione
1389 557 1549 583 huiusmodi
1573 557 1666 583 fuerat
1688 557 1867 590 acquisitum,

217 610 344 644 privatus
369 606 521 635 extiterat
544 605 668 636 iusticia
693 605 855 645 exigente,
880 609 949 635 adeo
974 611 1047 635 erat
1067 609 1131 643 igne
1153 608 1316 635 ambitionis
1341 617 1497 639 succensus,
1515 608 1590 641 quod
1608 608 1667 634 vias
1683 617 1739 634 non
1756 617 1868 635 cessans

217 669 343 694 querere,
368 669 418 695 per
435 669 504 694 quas
521 661 554 686 de
572 661 646 687 facto
664 661 773 692 saltem,
799 669 861 687 cum
878 661 911 687 de
928 661 987 687 iure
1010 660 1171 693 nequiret,
1195 660 1231 685 ad
1254 659 1408 693 imperialis
1430 661 1534 693 posset
1557 660 1743 686 conscendere
1767 659 1868 686 solium

219 712 377 746 dignitatis,
402 711 560 738 hereticos*
577 712 704 745 aliosque
728 712 847 738 rebelles
872 713 968 738 sancte
985 711 1036 738 Dei
1054 711 1170 737 ecclesie
1190 711 1219 736 in
1236 711 1363 744 partibus
1381 711 1462 737 italie
1479 711 1649 737 constitutos
1673 707 1735 737 illis
1751 711 1868 737 diebus*

218 764 247 790 in
264 763 398 790 Tridento
422 764 457 789 ad
474 772 554 790 suum
571 764 718 790 consilium
736 763 910 794 convocavit,
935 763 963 788 in
980 772 1035 796 quo
1052 758 1188 798 predicti
1209 768 1279 788 eum
1302 757 1418 788 eodem
1434 758 1624 797 L(ud0viCO)
1643 759 1869 789 convenientes

218 811 249 840 in
273 821 371 841 uuum
395 814 506 841 contra
530 814 673 841 sanctam
697 810 760 840 Dei
785 810 971 843 ecclesiam,
1000 820 1057 839 nos
1085 812 1117 839 et
1140 808 1253 839 fideles
1277 809 1421 839 eiusdem
1446 813 1473 838 in
1498 813 1625 847 partibus
1652 813 1731 840 Italie
1756 816 1785 840 et
1807 822 1867 847 pre-

219 866 300 900 cipue
326 865 435 893 contra
453 866 667 892 carissimum*
692 866 788 892 filium
812 867 947 892 nostrum
972 865 1157 895 R(0bertu1n)
1181 873 1283 898 regem
1308 864 1402 890 Sicilie
1426 864 1577 891 illustrem
1601 874 1636 891 ac
1660 874 1784 899 regumn
1808 874 1868 899 pre-

219 918 338 944 dictum
369 918 422 944 ad*
446 918 600 944 Romanam
630 917 777 944 ecclesiam
808 917 868 943 iure
896 917 996 943 directi
1024 916 1141 942 dominii
1170 916 1316 949 pertinens
1345 917 1377 941 et
1407 916 1502 948 quod*
1526 924 1542 941 a
1565 917 1645 942 nobis
1670 919 1698 943 et
1723 917 1870 943 *Romana

221 970 340 996 ecclesia
362 970 391 996 in
416 970 528 996 feudum
552 969 626 995 idem
650 978 698 995 rex
723 969 901 995 obtinuisse
926 964 1066 995 noscitur
1089 970 1117 994 et
1142 977 1192 1001 pro
1217 972 1254 993 eo
1280 970 1375 993 noster
1399 969 1427 994 et
1452 967 1575 994 Romane
1593 968 1708 994 ecclesie
1733 968 1869 994 vassallus

220 1021 345 1053 existit*,
371 1017 496 1047 diversa
520 1021 616 1048 iniisse
641 1021 772 1047 consilia
796 1018 950 1046 dicebatur
973 1015 1091 1056 illaque
1116 1019 1206 1053 pactis
1224 1021 1252 1044 et
1273 1018 1438 1044 iuramentis
1460 1019 1566 1045 illicitis
1591 1019 1743 1046 firmavisse
1767 1015 1868 1056 quod—

219 1077 282 1108 que
306 1074 338 1098 ut
361 1074 514 1106 conceptus
538 1081 602 1098 suos
626 1072 738 1105 iniquos
766 1066 949 1097 huiusmodi
978 1071 1006 1096 in
1036 1072 1156 1104 partum
1187 1072 1316 1104 possent
1344 1070 1510 1103 perducere
1538 1067 1729 1106 promptius,
1761 1071 1817 1097 iam
1840 1071 1869 1097 in

220 1123 416 1150 Lombardiam
440 1123 633 1153 L(udovicuml
662 1119 864 1160 predictum*
888 1123 1065 1149 deduxerunt
1092 1121 1210 1148 rebelles
1239 1123 1268 1147 et
1295 1121 1413 1147 heretici
1441 1121 1608 1155 supradicti,
1642 1123 1691 1147 ut*
1719 1125 1816 1149 mutuo
1841 1132 1870 1149 se

221 1175 349 1202 iuvantes
374 1175 492 1202 rebelles
516 1175 571 1209 ipsi
595 1175 645 1200 sub
670 1175 768 1200 umbra
792 1174 921 1200 culminis
945 1183 995 1207 per
1019 1174 1150 1199 eundem
1168 1168 1394 1209 L(ud0vieu1n)
1415 1173 1539 1200 indebite
1564 1174 1714 1207 usurpati
1737 1177 1871 1208 possent

220 1226 250 1252 in
275 1227 330 1253 suis
355 1235 534 1261 perseverare
559 1226 760 1253 rebellionibus
785 1228 814 1252 et
838 1226 984 1252 heresibus
1008 1225 1096 1252 libere
1121 1234 1153 1251 ac
1177 1225 1294 1251 devotos
1319 1225 1434 1251 ecclesie
1452 1225 1485 1251 de
1503 1225 1603 1251 finibus
1619 1225 1731 1251 illarum
1748 1225 1871 1259 partium

217 1278 340 1312 effugare
365 1273 524 1312 dictusque
548 1278 725 1309 L(ud0vicus)
750 1286 845 1304 eorum
870 1278 957 1304 fultus
981 1277 1112 1311 potentia
1135 1286 1237 1303 nomen
1263 1277 1380 1311 regium,
1405 1277 1480 1310 quod
1505 1277 1631 1303 indebite
1656 1279 1870 1312 usurpaverat,

216 1330 338 1356 retinere
362 1329 471 1366 posset
493 1325 624 1356 liberius
647 1338 679 1356 ac
696 1329 842 1363 imperiale
858 1338 959 1356 nomen
978 1329 1127 1355 similiter*
1152 1338 1294 1362 usurpare,
1384 1335 1441 1355 nos
1465 1324 1561 1354 tantis
1586 1323 1677 1354 malis
1699 1334 1867 1355 occurrero

217 1377 397 1418 cupientes,
427 1387 496 1407 cum
528 1376 568 1407 ad
598 1387 653 1408 eos
681 1379 767 1407 tutus
795 1386 857 1406 non
886 1380 1012 1417 pateret
1040 1386 1202 1413 accessus,
1235 1382 1365 1414 presente
1394 1380 1517 1406 fidelium
1546 1380 1729 1406 multitudine
1757 1380 1870 1414 copiosa

217 1433 410 1463 L(udovicum)
434 1433 526 1466 ipsum
551 1442 583 1458 ac
606 1432 747 1458 hereticos
771 1434 800 1458 et
823 1432 942 1458 rebelles
967 1432 1153 1466 supradictos,
1178 1441 1297 1465 quorum
1322 1432 1533 1458 conversionem
1559 1433 1587 1457 et
1611 1432 1729 1457 salutem
1754 1433 1871 1465 paterno

217 1493 294 1511 more
318 1484 511 1511 desideranter
535 1484 780 1518 appetebamus,
805 1485 874 1518 per*
897 1483 1040 1518 publicum
1065 1484 1187 1510 edic-tum
1211 1479 1287 1510 lieet
1307 1479 1458 1509 absentes-'-
1479 1492 1668 1509 commonere
1692 1479 1870 1509 curavimus

218 1537 247 1562 et
270 1536 299 1562 in
323 1536 442 1562 Domino
467 1536 638 1565 exhortari,
667 1538 697 1562 ut
721 1545 736 1561 11
761 1537 819 1561 tam
844 1536 1002 1569 periculoso
1030 1535 1112 1561 (levio
1142 1535 1226 1569 pedes
1255 1544 1318 1561 suos
1348 1536 1514 1562 studerent
1542 1535 1684 1561 retrahere
1709 1544 1741 1561 ac
1766 1535 1793 1560 in
1818 1535 1870 1561 hac

219 1588 291 1614 valle
315 1588 426 1614 miserie
451 1587 489 1614 sic
512 1587 588 1621 ipsos
612 1588 640 1613 in
666 1587 739 1613 viam
763 1589 927 1613 convertere
952 1587 1081 1613 veritatis
1106 1589 1132 1613 et
1159 1587 1243 1620 pacis,
1268 1587 1341 1620 quod
1367 1589 1430 1620 post
1458 1587 1540 1612 huius
1565 1587 1621 1613 vite
1646 1586 1796 1612 transitum
1821 1587 1868 1612 im-

219 1639 417 1665 marcessibilis
441 1647 572 1665 coronam
595 1639 685 1673 glorie
709 1639 831 1665 feliciter
854 1639 965 1671 assequi
990 1640 1195 1664 mererentur.
1242 1637 1276 1663 Et
1302 1640 1334 1663 nt
1362 1640 1419 1663 tum
1446 1638 1599 1667 L(udovici)
1625 1647 1723 1670 quam
1752 1638 1869 1664 aliorum

221 1691 411 1724 predictorum
444 1691 582 1724 perversis
612 1696 852 1716 occurreremus
885 1690 1102 1723 conceptil111s*,
1138 1689 1256 1715 eundem
1286 1689 1479 1719 L(udovicum)
1511 1685 1587 1715 licet
1621 1684 1787 1715 absentem
1822 1699 1872 1723 per

220 1744 347 1768 nostrum
372 1741 493 1768 edictum
518 1741 660 1775 publicum
686 1743 836 1775 presente*
862 1741 985 1768 fidelium
1009 1741 1191 1767 multitudine
1215 1741 1330 1774 copiosa
1354 1750 1419 1767 mon
1430 1741 1541 1768 nimus,
1566 1741 1654 1767 eidem
1674 1741 1871 1767 nichilominus

222 1793 294 1821 sub*
318 1793 509 1819 anathematis
534 1795 562 1819 et
586 1793 665 1827 penis
690 1793 753 1819 aliis
778 1802 794 1819 a
818 1793 877 1819 iure
902 1802 1079 1826 quocumque
1105 1801 1152 1819 seu
1177 1793 1430 1818 constitutionibus
1460 1792 1564 1818 nostris
1589 1792 1702 1818 inflictis
1727 1801 1774 1818 seu
1799 1801 1870 1818 com-

221 1845 335 1871 minatis
359 1845 413 1871 hiis
437 1845 485 1878 qui
510 1845 624 1871 titulum
647 1845 754 1877 regium
779 1841 829 1870 vel
854 1840 1022 1880 imperiale
1046 1845 1117 1870 falso
1142 1844 1305 1870 temeritate
1337 1844 1453 1877 propria
1481 1844 1541 1870 ausi
1571 1846 1634 1869 sunt
1664 1852 1798 1877 usurpare
1823 1846 1872 1870 unt.

220 1906 248 1923 se
272 1896 512 1923 administrationi
536 1896 647 1930 imperii
670 1896 839 1927 immiscere,
864 1905 918 1930 que
943 1897 1004 1930 ipso
1029 1898 1147 1922 vacante
1173 1896 1245 1922 sicut
1269 1897 1297 1922 et
1320 1905 1393 1921 nunc
1419 1898 1501 1922 vacat
1525 1896 1559 1921 ad
1585 1895 1761 1926 liohunnam)
1786 1896 1870 1921 eccle-

218 1948 288 1974 siam
312 1948 438 1974 noscitur
461 1948 612 1982 pertinere,
637 1948 725 1981 ipsam
751 1948 897 1974 ecclesium
923 1948 951 1973 in
975 1948 1072 1974 endem
1093 1947 1340 1973 administratione
1360 1956 1429 1973 ausu
1447 1947 1596 1973 temerario
1614 1947 1804 1980 perturbando
1821 1943 1871 1972 vel

221 1995 318 2026 etiam
342 2002 479 2033 quantum
502 1999 529 2025 in
555 1999 594 2025 eis
618 2001 661 2026 est
685 1999 841 2033 spoliando,
866 2002 914 2025 aut
939 1999 993 2025 hiis
1018 1999 1066 2032 qui
1089 1999 1222 2025 hereticis
1247 2001 1280 2025 et
1304 1999 1420 2025 ecclesie
1446 1999 1569 2025 Romane
1598 1998 1749 2024 rebellibus
1777 2007 1870 2032 presu-

220 2053 301 2077 munt
325 2053 423 2077 contra
447 2051 593 2077 ecclesiam
617 2051 779 2085 impendere
804 2051 960 2081 consilium,
985 2050 1122 2076 auxilium
1147 2051 1190 2077 vcl
1215 2051 1349 2081 favorem,
1374 2059 1500 2083 quasque
1524 2050 1656 2084 infligunt
1673 2050 1734 2075 iura
1751 2049 1804 2075 hiis
1824 2050 1871 2082 qui

219 2111 349 2136 guerram
373 2111 485 2129 movere
508 2104 674 2136 presumunt
698 2103 822 2129 indebite
846 2111 1000 2136 pacemque
1023 2104 1134 2135 gratam
1160 2102 1267 2128 cunctis
1284 2102 1451 2128 mortalibus
1470 2101 1642 2135 perturbare,
1668 2110 1805 2134 quasque
1822 2101 1870 2126 iin-

219 2156 329 2187 ponunt
352 2162 402 2187 pro
426 2154 570 2180 maleficiis
594 2163 648 2188 que
672 2156 877 2181 consueverunt
895 2154 1027 2188 subsequi
1044 2164 1077 2180 ex
1095 2154 1237 2188 predictis,
1262 2163 1331 2187 quas
1349 2162 1444 2179 omnes
1469 2155 1495 2179 et
1521 2153 1645 2186 singulas
1663 2154 1757 2186 preter
1774 2152 1872 2178 mortis

220 2208 247 2231 et
271 2205 460 2231 mutilationis
484 2206 670 2232 membrorum
688 2206 856 2239 supplicium
881 2206 980 2240 ipsum,
1006 2206 1027 2232 si
1053 2202 1159 2232 dicte*
1184 2206 1334 2232 monitioni
1351 2203 1534 2239 presumeret
1555 2206 1660 2230 temere
1684 2212 1740 2230 non
1765 2212 1871 2237 parere,

222 2256 283 2290 ipso
303 2249 386 2282 'facto
419 2257 583 2283 voluimus
612 2257 821 2285 inciirrisse³,
850 2257 1006 2283 districtius
1030 2257 1224 2291 iniungentes,
1252 2256 1286 2282 ut
1309 2257 1383 2282 infra
1406 2256 1524 2282 duorum
1548 2255 1684 2281 niensium
1710 2255 1831 2288 spatium
1856 2264 1872 2280 a

220 2307 287 2333 data
310 2303 487 2334 litterarum
512 2307 692 2334 nostrarum
716 2309 952 2335 numerandorum
976 2317 1078 2335 nomen
1102 2309 1271 2342 deponeret
1294 2308 1402 2341 regium
1434 2316 1518 2340 seque
1543 2316 1636 2341 regem
1660 2306 1872 2337 Romantorum)

221 2367 277 2385 non
301 2359 481 2386 intitularet
504 2360 644 2386 ulterius*
667 2369 718 2386 nec
742 2369 791 2394 per
814 2361 884 2386 alios
913 2360 1040 2386 faceret
1067 2362 1204 2393 quantum
1233 2360 1261 2385 in
1291 2368 1322 2385 eo
1352 2361 1444 2385 esset
1471 2359 1523 2384 tali
1551 2358 1691 2384 intitulari
1719 2358 1803 2384 titulo
1829 2358 1871 2383 vel

222 2410 306 2436 etiam
330 2411 471 2437 nominari
495 2411 689 2445 sigillumque
718 2414 847 2438 curaret
876 2411 986 2438 abicere
1010 2411 1057 2437 ubi
1082 2411 1147 2437 talis
1171 2411 1346 2444 conscriptus
1375 2412 1465 2436 esset
1488 2410 1600 2439 titulus,
1629 2417 1807 2442 nequaquam
1832 2409 1870 2441 ip-

223 2470 281 2487 sum
306 2462 424 2488 ulterius
447 2471 499 2489 nec
523 2463 614 2489 simile
638 2465 831 2497 resumpturus
855 2472 906 2489 nec
930 2462 1169 2489 administrationi
1195 2462 1274 2496 regni
1298 2470 1346 2488 seu
1362 2461 1474 2495 imperii
1498 2463 1555 2487 aut
1586 2461 1688 2486 iurium
1713 2460 1871 2486 eorumdem

223 2521 251 2539 se
275 2513 349 2540 ullo
373 2514 455 2540 modo
479 2514 653 2541 immiscere
678 2514 886 2550 presumeret,
910 2514 1069 2548 privilegia,
1093 2513 1296 2544 immunitates
1320 2513 1411 2544 feuda,
1437 2512 1511 2538 bona
1535 2521 1592 2538 seu
1617 2512 1871 2544 111111,1111001111111110ι

223 2563 262 2589 ad
286 2564 392 2590 eadem
415 2574 540 2599 regnum
565 2573 623 2591 seu
646 2565 822 2599 imperium*
847 2561 1041 2601 pertinentia
1069 2565 1246 2591 concedendo
1274 2573 1333 2590 nec
1357 2566 1494 2597 tanquam
1519 2572 1566 2589 rex
1591 2563 1802 2592 Romantoruml
1827 2561 1869 2586 vel

223 2615 377 2648 imperator
404 2616 554 2649 quicquam
582 2618 755 2649 temptaret
783 2625 879 2650 agere,
912 2625 973 2642 cum
1000 2616 1043 2642 ius
1073 2616 1126 2642 hoc
1156 2616 1209 2641 sibi
1239 2624 1295 2641 non
1326 2616 1521 2648 competeret
1550 2613 1683 2642 faciendi,
1717 2612 1869 2638 dominium

224 2675 355 2699 quoque
380 2667 424 2693 vel
452 2667 674 2694 subiectionem'³<
704 2668 732 2693 in
759 2676 950 2700 quascumque
974 2675 1107 2700 personas
1132 2667 1288 2700 singulares
1318 2667 1372 2692 vel
1402 2669 1491 2692 terras
1522 2665 1646 2699 ipsarum
1678 2664 1720 2690 vel
1746 2665 1867 2696 potestu-

325 2729 389 2756 427.
418 2730 440 2762 ²¹)
459 2732 540 2756 eidem
560 2732 620 2756 add.
640 2733 715 2756 etlam
734 2732 773 2756 hic
793 2740 813 2756 c.

324 2789 362 2806 LL.
378 2789 601 2807 CONSTXTUTIONES
614 2790 650 2807 V‘I.
1631 2778 1664 2804 42

1882 443 1914 460 nr.
1926 440 1963 459 275

1882 469 1930 490 cap.
1942 466 1964 485 1.

1885 1388 1932 1408 cap.
1941 1383 1960 1402 2.
