2205 3025
118 677 140 694 10

117 1192 144 1210 ⁴20

118 1450 142 1469 25

119 1706 144 1724 ³0

120 1961 144 1981 35

119 2220 145 2237 ⁴0

124 2471 148 2489 1⁵

433 122 529 149 ACTA
548 122 661 148 REGNI
679 122 863 148 LUDEWICI
883 123 927 148 IV.
948 123 992 149 ΕΤ
1012 122 1195 149 FRIDERICI
1214 123 1262 149 III.
1301 123 1375 149 1328.
1412 123 1459 149 Nr.
1473 123 1532 150 496.
1748 125 1808 154 407

163 209 381 250 populumque
399 208 581 239 Romanum
605 209 690 239 omni
714 208 868 248 dignitate
894 209 1043 249 omnique
1071 209 1274 249 pontificatus
1298 209 1418 240 honore
1443 220 1544 249 nuper
1567 209 1625 240 rite
1650 209 1809 250 111-11101115ο

163 259 313 302 [extitit]d
339 264 370 290 et
394 259 558 300 depositus
582 260 815 290 sententialiter
832 259 872 289 ob
890 270 1017 290 suarum
1035 260 1276 300 nephandarum
1302 261 1483 301 congeriem
1501 260 1703 291 offensarum.
1742 259 1810 291 Nos

161 322 236 342 vero
261 321 413 351 processu
435 311 591 350 temporis
616 310 721 340 divina
746 310 933 350 disponente
958 310 1129 341 clementia
1146 311 1220 342 licet
1236 311 1387 342 immeriti
1403 310 1444 341 ad
1461 312 1587 351 apicem
1611 311 1810 351 apostolatus

162 363 317 402 assumpti
341 364 451 392 contra
475 360 618 391 eiusdem
645 361 810 401 dampnati
834 370 1004 400 sequaceS,
1031 360 1172 391 fautores
1201 365 1233 391 et
1257 361 1361 392 eidem
1387 362 1593 401 pertinaciter
1617 361 1810 391 adherentes

162 417 193 444 et
217 413 489 444 communicantes
514 413 543 441 in
569 412 685 442 talibus
709 411 906 444 criminibus.
936 412 1161 452 cuiuscumque
1187 415 1300 444 status.
1332 412 1466 451 ordinis,
1492 412 1655 452 dignitatis
1680 415 1711 442 et
1735 422 1809 442 con-

161 464 289 494 ditionis
314 463 503 501 existerent,
534 463 724 492 sententiam
749 463 935 503 privationis
964 466 995 492 et
1019 463 1227 503 depositionis
1251 463 1441 503 protulimus
1464 463 1649 504 generalem
1674 466 1705 494 et
1730 467 1810 494 tam-

160 525 256 556 quam
280 514 493 545 hereticorum
511 514 652 544 fautores
670 513 870 544 decrevimus
894 524 964 543 esse
989 514 1194 544 censendos1.
1230 514 1351 544 Verum
1377 514 1450 554 quia
1474 515 1695 545 nonnullorum
1719 514 1809 544 indu-

160 569 229 596 rate
250 565 410 596 eervices2
435 568 466 596 et
482 575 579 606 prave
604 563 772 606 [mentes]d
797 575 855 595 nec
879 565 924 594 sic
947 575 965 594 a
983 565 1098 594 talibus
1115 565 1373 605 improbitatibus
1390 565 1588 605 resipiscunt,
1614 566 1688 605 quin
1713 566 1810 596 etiam

160 617 314 647 effrenate
332 628 366 647 os
383 627 473 647 suum
490 620 647 656 ponentes
671 616 701 645 in
718 615 855 652 001111113,
881 626 937 645 nos
955 619 987 645 et
1003 619 1197 656 potestatem
1214 616 1304 646 nobis
1322 627 1340 646 a
1356 616 1494 646 Domino
1511 616 1661 647 traditam
1682 619 1714 647 et
1729 617 1811 647 sacri

160 668 297 699 Romani
315 668 538 699 auctoritatem
563 667 689 708 imperii
706 667 849 697 lacerare
874 677 937 696 11011
965 667 1121 706 desinunt,
1146 667 1240 697 variis
1264 670 1296 697 et
1319 667 1452 697 diversis
1471 670 1597 697 utentes
1621 670 1731 698 contra
1754 677 1811 697 nos

161 720 368 750 detractionis
392 718 557 749 vocabulis
588 722 619 749 et
643 721 823 748 asserentes
851 717 997 758 improbe
1028 728 1064 748 ac
1089 718 1321 755 domaticantes
1345 721 1466 748 temere
1490 722 1613 748 nostras
1637 718 1811 748 sententias

160 781 223 801 non
247 771 370 809 valere,
400 771 431 800 in
456 780 566 800 eorum
592 769 766 810 periculum
792 769 983 800 animarum.
1013 769 1197 799 scandalum
1227 769 1322 799 etiam
1351 769 1573 809 plurimorum,
1604 780 1643 799 ne
1671 770 1810 809 ipsorum

160 822 284 854 malitie
310 825 342 852 et
365 822 507 862 nequitie
536 821 615 851 false
645 821 859 861 suggestionis
888 821 1045 851 fermento
1076 824 1142 850 tota
1170 831 1275 850 massa
1302 820 1443 850 fidelium
1473 830 1543 850 cum
1574 821 1650 860 ipsis
1679 830 1810 850 conver-

163 874 302 904 santium
328 876 562 914 corrumpatur.
593 871 747 903 adhibere
777 871 989 911 disposuimus
1013 871 1188 900 adustionis
1213 874 1245 901 et
1269 872 1453 911 precisionis
1477 871 1620 902 remedia
1644 875 1810 911 oportuna.

272 927 299 955 2.
336 923 494 959 Quocirca
525 924 595 963 tibi,
628 923 666 953 dc
695 923 783 953 cuius
812 922 1105 962 circumspectionis
1134 921 1303 958 industria,
1339 922 1463 952 fervore
1492 922 1565 952 fidei
1595 925 1627 952 et
1656 921 1810 962 religione

161 975 341 1017 approbata
358 975 486 1016 plenam
504 975 534 1005 in
552 975 689 1005 Domino
712 973 857 1004 fidutiam
882 973 1091 1007 obtinemus&
1117 973 1305 1003 auctoritate
1330 974 1505 1013 apostolica
1529 973 1755 1003 committimus
1779 975 1811 1003 et

161 1028 258 1058 etiam
284 1026 487 1067 delegamus.
513 1026 661 1066 quatinus
679 1036 753 1055 vere
777 1024 852 1055 fidei
876 1025 945 1054 zelo
971 1035 1140 1055 succensus
1165 1025 1306 1054 circueas
1330 1024 1520 1064 intrepidus,
1546 1023 1684 1064 inquiras
1708 1026 1810 1053 atten-

160 1080 221 1110 tius
251 1082 283 1109 et
314 1077 498 1118 diligentius
530 1077 738 1117 perscruteris
763 1080 794 1107 et
825 1086 1030 1117 quoscunque
1066 1076 1095 1105 in
1127 1076 1288 1115 premissis
1317 1075 1382 1105 vols
1410 1076 1636 1115 premissorum
1668 1074 1812 1114 quolibet

163 1130 324 1161 inveneris
342 1129 514 1170 deliquisse
531 1128 581 1159 vel
599 1129 769 1159 actualiter
786 1127 1020 1168 delinquentes,
1039 1127 1252 1167 cuiuscunque
1270 1127 1331 1156 sint
1349 1126 1476 1163 ordinis,
1494 1125 1691 1159 conditionis
1710 1125 1811 1165 digni-

164 1182 238 1212 tatis
255 1181 305 1211 vel
330 1184 440 1216 status,
466 1182 634 1220 exemptos
652 1182 684 1209 et
700 1189 763 1209 non
781 1182 950 1219 exemptos
967 1189 1025 1219 per
1042 1178 1291 1208 ecclesiasticam
1310 1187 1475 1208 censuram
1494 1176 1675 1212 coherceas,
1700 1176 1812 1216 punias

162 1236 194 1264 et
218 1232 409 1273 compellas,
442 1235 476 1261 ut
500 1231 567 1261 vias
592 1230 754 1271 dampnati
780 1229 890 1260 Iacobi
919 1229 1092 1270 supradicti
1121 1229 1248 1270 penitus
1273 1228 1459 1259 deserentes
1483 1227 1524 1258 ad
1547 1228 1630 1257 viam
1655 1226 1811 1257 catholice

160 1283 236 1314 fidoi
269 1286 478 1323 sanctamque
508 1282 688 1312 Romanam
720 1281 888 1312 ecclesiam
922 1281 1026 1311 studio
1058 1281 1201 1321 vigilanti
1233 1284 1265 1310 et
1295 1279 1463 1309 indefessis
1493 1278 1659 1309 conatibus
1689 1288 1811 1308 summo

162 1345 260 1376 opere
285 1334 415 1365 studeas
440 1344 601 1364 revocare.
632 1333 673 1363 Et
690 1336 724 1363 ut
740 1333 800 1363 hcc
817 1337 849 1363 et
865 1333 938 1372 alia,
964 1344 1025 1373 que
1050 1343 1107 1373 per
1131 1343 1187 1362 nos
1212 1332 1268 1362 tibi
1286 1331 1418 1361 inferius
1435 1331 1684 1368 committuntur,
1705 1329 1812 1359 valeas

161 1386 292 1417 liberius
317 1386 434 1426 exequi
458 1388 490 1415 et
514 1395 532 1415 a
557 1385 683 1415 nemine
709 1385 811 1425 possis
836 1385 865 1414 in
891 1383 1041 1424 predictis
1066 1387 1097 1413 et
1121 1384 1204 1413 circa
1230 1382 1373 1423 predicta
1398 1382 1508 1422 quavis
1528 1382 1716 1411 auctoritate
1734 1391 1811 1421 quo—

162 1437 341 1469 modolibet
372 1436 539 1477 impediri,
571 1446 694 1467 exnunc
722 1439 753 1466 te
778 1446 797 1466 a
821 1439 982 1476 potestate
1011 1434 1180 1465 cuiuslibet
1208 1444 1333 1469 eorum,
1365 1433 1534 1463 dumtaxat
1562 1433 1613 1473 qui
1644 1432 1733 1463 nobis
1762 1434 1813 1462 ctg

164 1493 271 1520 nostre
297 1492 405 1519 sancte
430 1488 575 1519 Romane
601 1488 735 1518 ecclesie
759 1498 820 1518 non
846 1487 999 1517 obediunt
1024 1490 1055 1517 et
1080 1488 1109 1516 in
1134 1486 1225 1516 nobis
1249 1486 1393 1526 perfecto
1419 1496 1479 1515 non
1508 1484 1653 1515 credunt.
1683 1487 1812 1523 aposto-

161 1541 221 1571 lica
246 1540 436 1571 auctoritate
462 1539 632 1569 eximimus
657 1544 689 1569 et
713 1538 752 1569 ab
777 1539 863 1569 omni
887 1538 1104 1568 iurisdictione
1133 1538 1272 1578 ipsorum
1298 1537 1498 1567 decrevimus
1523 1546 1592 1566 esse
1617 1537 1812 1575 exemptum.

161 1591 318 1622 Volentes
342 1590 565 1621 nichilominus
589 1594 623 1620 ut
648 1600 758 1620 omnes
783 1591 957 1621 sententias
983 1589 1099 1630 prefati
1125 1589 1288 1629 dampnati
1306 1588 1414 1618 Iacobi
1439 1588 1519 1618 latas
1544 1591 1576 1617 et
1596 1586 1813 1627 promulgatas

162 1644 192 1674 in
217 1643 362 1673 homines
379 1642 429 1672 vel
452 1642 483 1672 in
500 1645 601 1672 terras
618 1641 787 1675 interdicti,
812 1642 1065 1682 suspensionum,
1091 1640 1466 1678 excommunieationum,
1490 1639 1713 1679 privationum,
1738 1647 1813 1667 con-

164 1695 426 1735 dempnationum
452 1697 484 1723 et
508 1693 771 1734 dampnationum
796 1694 862 1723 sive
894 1704 950 1734 per
977 1703 1010 1723 se
1039 1693 1089 1722 vel
1119 1702 1176 1732 per
1201 1692 1279 1722 alios
1304 1702 1430 1731 quoquo
1456 1690 1550 1720 modo
1576 1690 1676 1730 possis
1701 1688 1812 1719 tollere

165 1756 201 1776 ac
226 1746 322 1776 etiam
347 1755 514 1775 removere
539 1755 576 1775 ac
605 1744 785 1775 huiusmodi
815 1745 980 1775 sententiis
1009 1744 1148 1774 irretitos
1178 1742 1344 1773 absolvere
1374 1746 1405 1771 et
1436 1741 1562 1782 publice
1591 1741 1635 1770 uti
1664 1740 1813 1770 malueris

164 1797 343 1837 predicare.
375 1796 591 1826 confessiones
623 1806 751 1836 quoque
786 1795 910 1831 audire,
947 1795 1127 1835 penitentes
1162 1793 1330 1824 absolvere
1363 1797 1395 1824 et
1425 1792 1615 1832 penitentias
1647 1791 1812 1831 imponere

164 1848 331 1878 salutares.

270 1900 297 1929 3.
335 1898 486 1928 Ceterum
519 1897 731 1938 capellaniam
763 1901 795 1927 et
825 1897 1057 1928 ordinationem
1092 1896 1230 1937 capelle,
1267 1906 1361 1936 quam
1392 1894 1528 1924 Iacobus
1557 1893 1715 1923 Sementis
1742 1894 1813 1921 tuus

163 1953 296 1990 patruus
321 1949 440 1980 dimisit
465 1952 497 1979 et
521 1949 678 1979 ordinavit
702 1949 731 1978 in
757 1949 827 1979 1000
853 1949 984 1979 fratrum
1002 1948 1246 1979 Predicatorum
1273 1946 1313 1977 de
1338 1946 1529 1985 Albingana,
1555 1948 1607 1974 1110
1632 1943 1814 1974 discretioni

165 2001 395 2031 committimus
424 1999 668 2040 disponendam.
721 2000 901 2030 Districtius
932 1999 1112 2030 inhibentes
1138 2023 1168 2028 ..
1195 1998 1291 2038 priori
1322 1996 1464 2027 eiusdem
1496 1996 1557 2026 loci
1585 1998 1617 2025 et
1645 1994 1813 2025 conventui

165 2062 222 2082 seu
244 2052 290 2082 illi
314 2051 364 2082 vel
389 2051 465 2084 illis,
495 2051 536 2081 ad
565 2061 645 2091 quos
673 2051 816 2082 eiusdem
848 2051 972 2092 capelle
998 2050 1155 2081 ordinatio
1185 2053 1217 2080 et
1244 2048 1383 2089 provisio
1408 2058 1464 2078 seu
1488 2046 1652 2087 dispositio
1677 2046 1813 2086 pertinet

165 2103 377 2134 communiter
400 2103 450 2132 vel
475 2102 611 2139 divisim,
636 2112 675 2133 ne
699 2103 739 2133 de
764 2103 890 2143 capella
914 2103 993 2143 ipsa,
1019 2113 1114 2142 quam
1137 2112 1177 2131 ex
1202 2103 1289 2131 certa
1314 2099 1529 2129 commisimus
1553 2098 1685 2128 scientia
1708 2096 1765 2126 tibi
1783 2100 1813 2126 et

166 2154 364 2195 dispositioni
387 2158 451 2192 tue,
477 2154 647 2194 disponere
672 2155 765 2185 aliter
788 2154 839 2185 vel
864 2158 893 2185 te
918 2154 1074 2195 impedire
1099 2163 1226 2194 quoquo
1251 2151 1346 2182 modo
1365 2152 1559 2191 presumant.
1594 2148 1813 2179 Decernentes

166 2216 289 2236 exnunc
321 2206 443 2236 irritum
475 2208 506 2236 et
533 2206 643 2238 inane.
676 2206 702 2235 si
733 2216 824 2236 secus
853 2216 949 2246 super
979 2205 1040 2235 hiis
1071 2203 1216 2234 omnibus
1247 2202 1437 2243 supradictis
1465 2211 1483 2230 a
1512 2210 1674 2240 quoquam
1704 2198 1814 2239 quavis

165 2257 356 2288 auctoritate
374 2259 601 2297 attemptatum
619 2256 751 2287 forsitan
769 2255 935 2298 extit[er]it
952 2256 1001 2287 vel
1024 2257 1053 2285 in
1071 2258 1234 2296 posterum
1251 2253 1420 2293 contigerit
1433 2252 1628 2292 attemptari.
1660 2250 1732 2280 Non
1757 2249 1813 2279 ob-

163 2307 342 2346 stantfibus)
368 2307 527 2348 aliquibus
554 2307 729 2348 privilegiis
754 2312 786 2338 et
809 2308 1015 2348 indulgentiis
1039 2306 1223 2347 apostolicis
1248 2304 1449 2346 generalibus
1474 2303 1523 2333 vel
1546 2301 1736 2343 specialibus
1759 2303 1813 2331 aut

163 2359 341 2400 legatorum
367 2358 455 2389 eiush
480 2358 538 2389 sub
563 2369 752 2400 quacunque
777 2359 880 2389 forma
902 2359 1070 2389 verborum
1096 2357 1263 2391 concessiS,
1288 2366 1345 2396 per
1369 2366 1429 2395 que
1446 2353 1647 2395 presentibus
1670 2363 1732 2382 non
1756 2362 1811 2382 ex-

165 2411 283 2450 pressis
307 2413 362 2440 aut
385 2410 529 2440 totaliter
552 2420 614 2440 non
638 2410 763 2441 insertis
788 2410 920 2441 effectus
944 2409 1160 2450 predictorum
1185 2408 1325 2438 omnium
1343 2406 1490 2446 impediri
1508 2405 1613 2435 valeat
1637 2402 1811 2444 quomodo-

168 2460 248 2491 libet
271 2461 323 2491 vel
348 2461 468 2491 differri
493 2464 525 2491 et
549 2460 588 2491 de
613 2461 726 2502 quibus
750 2461 914 2491 tenoribus
939 2459 1087 2491 habenda
1119 2459 1159 2489 sit
1182 2459 1212 2488 in
1236 2459 1352 2488 nostris
1376 2458 1489 2488 litteris
1513 2456 1631 2486 mentio
1655 2453 1811 2494 specialis.

164 2511 251 2542 Nulli
276 2522 352 2552 ergo
377 2512 505 2542 omnino
529 2511 693 2542 hominum
718 2512 814 2542 liceat
837 2512 918 2542 hanc
936 2511 1085 2552 paginam
1103 2513 1210 2540 nostre
1228 2508 1468 2546 commissionis,
1493 2506 1713 2546 delegationis,
1738 2514 1810 2544 pro-

266 2604 331 2631 496.
367 2609 391 2636 c)
423 2614 490 2637 sequ.
519 2607 544 2630 in
572 2606 642 2630 initio
676 2607 758 2630 lineae
785 2614 881 2630 rasura
909 2606 985 2629 trium
1012 2605 1145 2629 verborum
1172 2603 1283 2634 spatium
1311 2602 1461 2633 adaequans
1489 2609 1508 2624 c.
1622 2598 1646 2629 d)
1673 2597 1764 2622 excidit
1789 2604 1810 2619 c.

167 2648 192 2679 e)
212 2649 355 2673 obtinentes
375 2657 395 2673 c.
500 2647 518 2678 f)
537 2657 604 2680 sequ.
618 2649 705 2680 aliquo
725 2648 855 2680 subpunct.
870 2656 889 2672 c.
996 2647 1020 2677 g)
1040 2655 1106 2678 sequ.
1119 2647 1161 2671 ΞΕ
1181 2646 1252 2670 delet.
1267 2654 1287 2670 e.
1392 2643 1417 2674 11)
1437 2644 1472 2667 ita
1490 2652 1509 2667 c.

268 2725 293 2755 1)
315 2723 355 2755 Cf.
370 2731 453 2757 supra
472 2731 514 2750 nr.
535 2727 587 2750 459
606 2726 629 2748 et
649 2727 706 2749 460.
813 2723 839 2756 ⁶2)
862 2723 902 2756 Cf.
914 2731 933 2749 e.
945 2731 984 2755 (fr.
998 2727 1020 2748 ι).
1032 2721 1111 2747 Esdr.
1132 2725 1155 2753 9,
1170 2725 1206 2746 16.
1312 2720 1338 2746 81
1359 2719 1399 2750 Cf.
1414 2719 1456 2743 Px.
1473 2722 1534 2747 72,st
