2205 3025
153 704 176 723 10

152 960 174 978 15

150 1222 176 1241 20

150 1611 174 1630 25

150 1935 174 1954 30

149 2192 174 2211 ³5

431 144 527 170 ACTA
548 145 659 171 REGNI
678 145 861 173 LL'DEWICI
882 147 928 173 IV.
947 147 994 173 ET
1014 147 1196 175 FRIDERICI
1216 149 1264 174 ΙΙΙ.
1302 150 1376 176 1329,
1416 150 1462 177 Nr.
1477 151 1535 178 608.
1555 151 1613 178 609.
1785 157 1843 185 511

303 229 484 270 Imperialis
516 230 733 262 benivolentia
761 243 838 273 erga
866 244 940 264 suos
968 235 1128 275 principes
1160 238 1192 266 et
1220 237 1360 267 maxime
1389 238 1472 268 circa
1499 237 1559 268 sibi
1591 238 1701 270 federe
1732 240 1847 270 vinculi

196 291 356 312 connexos
380 281 514 311 multum
539 281 689 322 afficitur,
721 284 883 323 quomodo
909 286 938 315 in
963 296 1205 326 recompensam
1229 287 1303 318 fidei
1332 291 1363 318 et
1387 290 1645 329 promptitudinis
1670 291 1847 322 eorundem

196 333 334 373 ipsorum
361 335 511 373 tanquam
536 332 618 363 bene
636 333 820 364 meritorum
846 346 974 375 semper
997 347 1072 367 cura
1089 337 1176 378 vigili
1200 342 1318 378 augeat
1342 340 1476 379 gloriam
1502 343 1534 370 et
1555 341 1719 372 honorem.
1765 343 1846 373 Cum

195 384 293 424 igitur
315 383 408 414 nobis
434 386 465 414 et
488 394 577 414 sacro
602 383 749 414 Romano
774 386 908 426 imperio
935 387 1199 428 burchgraviatus
1224 390 1253 419 in
1279 390 1374 430 opido
1398 394 1505 421 nostro
1530 392 1631 433 regali
1648 393 1846 424 Altenburch

195 445 254 475 per
277 434 381 465 obitus
397 435 692 475 burchgraviorum,
718 437 832 476 quibus
849 438 972 468 ratione
998 439 1084 469 feudi
1109 440 1147 470 de
1173 445 1263 480 parte
1281 442 1355 472 dicti
1377 442 1502 482 imperii
1521 443 1707 481 debebatur,
1732 455 1846 476 vacare

195 485 402 527 dignoscatur
430 489 462 517 et
490 486 530 516 ad
554 497 611 517 nos
634 496 672 517 ac
702 490 842 517 nostram
872 488 1114 529 dispositionem
1143 491 1311 522 devolutus
1340 494 1380 523 sit
1407 493 1501 533 pleno
1530 495 1610 533 iure,
1644 497 1846 536 exigentibus

195 538 386 568 sinceritatis
410 540 462 568 tue
487 538 610 568 meritis
634 548 757 568 necnon
783 540 879 569 etiam
906 541 1113 580 pensantibus
1136 543 1236 580 nobisq
1262 544 1346 584 quod
1372 545 1431 584 ipsi
1454 546 1588 585 imperio
1612 557 1670 587 per
1693 547 1752 578 hoc
1776 548 1846 588 plus

195 588 364 619 adstrictus
389 589 525 619 efficeris
549 592 581 619 ct
605 590 722 620 teneris
746 590 776 620 in
800 590 964 621 fidelitatis
989 593 1142 634 obsequio
1166 598 1199 624 et
1222 605 1341 633 amore,
1367 596 1423 626 tibi
1447 607 1483 627 ac
1500 597 1672 628 heredibus
1696 599 1757 628 tuis
1773 609 1846 639 pre-

195 640 295 670 fatum
321 639 601 681 burchgraviatum
626 641 657 671 in
682 640 881 672 Altenburch
907 653 977 673 cum
1002 645 1155 674 universis
1179 646 1242 675 suis
1267 646 1395 685 iuribus,
1421 647 1642 687 dignitatibus,
1673 649 1846 680 honoribus

196 694 228 722 et
251 692 477 732 prerogativis,
509 691 734 722 emolumentis
767 696 798 722 et
822 694 1022 733 pertinentiis
1046 695 1286 736 quibuscunque
1311 698 1342 726 in
1365 698 1481 728 iustum
1513 702 1544 728 et
1568 703 1690 730 rectum
1715 700 1845 731 feudum

195 742 235 773 de
263 742 460 783 plenitudine
489 746 596 773 nostre
626 744 802 774 maiestatis
833 744 1010 775 liberaliter
1041 747 1245 777 concedimus
1275 751 1307 778 et
1338 748 1492 779 donamus
1521 754 1628 780 nostro
1659 754 1691 780 et
1722 751 1846 792 imperii

195 794 322 825 nomine
346 792 522 836 [nomine]²
539 795 619 825 recti
643 798 675 825 et
698 795 771 825 iusti
795 796 884 826 feudi
908 796 937 826 in
956 800 1146 837 perpetuum
1165 799 1337 829 tenendum
1362 802 1393 829 et
1416 800 1591 831 liberaliter
1607 801 1846 842 possidendum,

195 845 348 876 facientes
379 848 411 875 te
441 848 494 876 tuo
525 856 562 876 ac
592 846 747 877 heredum
781 850 907 877 tuorum
939 849 1067 878 nomine
1100 859 1208 879 verum
1245 860 1281 880 ac
1316 850 1492 890 legitimum
1527 852 1772 893 burchgravium
1806 853 1845 883 de

194 896 441 937 burchgraviatu
473 898 504 926 in
534 897 730 928 Altenburch
765 898 958 938 supradicto.
1018 900 1207 931 Mandantes
1239 902 1392 931 universis
1424 906 1455 933 et
1487 903 1619 944 singulis
1648 905 1775 934 vasallis
1809 916 1846 935 ac

194 948 376 979 hominibus
402 948 666 989 burchgraviatus
690 949 835 989 predicti„
868 953 902 980 ut
931 950 986 981 tibi
1017 961 1053 981 ac
1085 953 1146 981 tuis
1174 952 1346 982 heredibus
1376 954 1507 993 prefatis
1535 958 1685 996 tanquam
1710 966 1785 986 vero
1815 960 1847 986 et

196 1000 340 1040 legitimo
365 999 577 1041 burchgravio
602 1011 658 1031 scu
682 1001 902 1042 burchgraviis
927 1012 983 1042 per
1007 1002 1170 1033 fidelitatis
1195 1004 1323 1044 omagia
1348 1009 1380 1035 et
1403 1006 1482 1035 sicut
1505 1006 1584 1036 alias
1601 1006 1754 1037 hactenus
1771 1017 1846 1037 con-

195 1054 321 1082 suetum
346 1051 415 1089 fuit,
443 1053 473 1082 in
497 1052 643 1083 omnibus
667 1052 804 1083 fideliter
828 1057 963 1093 pareant
992 1058 1024 1084 ct
1048 1054 1229 1092 intendant,
1263 1056 1344 1085 sicut
1367 1055 1617 1097 indignationem
1646 1061 1786 1088 nostram
1815 1061 1847 1088 et

194 1113 326 1143 gravem
350 1104 530 1134 maiestatis
554 1108 661 1134 nostre
687 1104 840 1135 offensam
866 1106 1023 1136 voluerint
1048 1107 1178 1137 evitare.
1290 1107 1326 1136 In
1351 1107 1438 1137 cuius
1463 1109 1507 1137 rei
1533 1109 1748 1139 testimonium
1773 1119 1845 1149 pre-

193 1158 299 1184 sentes
323 1155 479 1185 conscribi
503 1159 534 1186 et
557 1155 662 1196 sigillo
687 1156 864 1186 maiestatis
889 1161 995 1187 nostre
1021 1157 1167 1187 iussimus
1192 1158 1390 1189 communiri.

303 1209 422 1240 Datum
440 1210 554 1251 Papie,
579 1212 734 1251 vigesima
758 1212 853 1242 tertia
878 1212 928 1242 die
947 1212 1037 1245 Iunii.
1063 1223 1145 1243 anno
1162 1213 1291 1243 Domini
1316 1213 1485 1244 millesimo
1511 1215 1734 1245 trecentesimo
1759 1216 1847 1256 vige-

195 1262 274 1292 simo
299 1272 392 1299 nono,
417 1261 590 1292 indictione
615 1262 691 1301 XII„
717 1263 805 1303 regni
830 1264 928 1293 nostri
953 1274 1035 1294 anno
1060 1264 1308 1304 quintodecimo,
1334 1265 1457 1305 imperii
1482 1275 1557 1295 vero
1581 1265 1730 1296 secundo.

468 1419 554 1455 609.
594 1420 793 1463 Infeztdate'o
826 1421 931 1455 casiri
958 1424 987 1455 ef
1015 1422 1134 1465 oppidi
1163 1422 1313 1465 Leism'ss.
1426 1422 1581 1456 laute&

305 1500 464 1540 Origyiuale
482 1503 553 1542 (or.)
572 1503 607 1532 in
627 1503 785 1534 tabulario
807 1503 1005 1537 Vinum-z'eusi,
1043 1504 1277 1542 Descripsimus
1294 1515 1357 1535 nos.
1394 1504 1540 1543 Siue’llmn
1556 1504 1637 1534 deest
1657 1504 1722 1541 silis
1738 1503 1846 1533 sericis

193 1552 282 1583 rubei
303 1552 440 1591 flavique
463 1553 573 1584 coloris
596 1554 722 1587 relictis.
762 1555 867 1585 Mam(
884 1555 999 1585 Itala-a
1024 1559 1188 1586 warnerum
1213 1559 1265 1586 est.
1310 1556 1350 1586 In
1368 1555 1456 1594 plica
1476 1558 1568 1594 parte
1590 1555 1701 1585 (lextra
1721 1554 1849 1594 leyitmz·

194 1604 278 1634 Kulo
303 1602 342 1634 r⁷.
356 1605 365 1622 ¹

311 1664 440 1702 sopiam
463 1665 644 1696 recentioris
667 1666 781 1695 (celatis
805 1665 956 1696 {tabularii
977 1665 1131 1704 funeralis
1153 1667 1241 1705 reflui
1264 1666 1427 1696 Bau-arici
1450 1665 1540 1697 KLS
1552 1676 1599 1696 m:
1616 1666 1679 1695 374
1708 1675 1745 1695 ex
1771 1665 1849 1695 libro

194 1715 342 1753 inmresso
365 1718 401 1745 ut
423 1716 546 1746 videtur
568 1720 727 1755 sumptam
750 1717 952 1756 neganti-mas.

301 1776 398 1814 Apud
421 1775 567 1814 Bohmer,
594 1776 666 1815 Rea.
686 1777 795 1807 Ludw.
821 1777 1028 1809 desideratur.

302 1873 517 1914 {Ludowicus
568 1878 698 1915 quartus
714 1875 775 1905 Dei
794 1875 901 1915 gracia
918 1874 1135 1905 Romanorum
1153 1875 1329 1915 imperator
1353 1884 1480 1914 semper
1497 1877 1648 1915 augustus
1736 1872 1848 1903 illustri

194 1924 366 1955 Frederico
396 1925 570 1955 marchioni
594 1926 798 1957 Missenenssi
823 1926 958 1966 principi
988 1929 1019 1956 et
1042 1936 1162 1966 genero
1188 1936 1243 1956 suo
1269 1926 1435 1956 karissimo
1539 1925 1678 1965 graciam
1703 1934 1792 1954 suam
1817 1927 1849 1953 et

194 1986 287 2006 omne
312 1976 440 2007 bonum.

301 2027 550 2058 Generossitatis
581 2031 634 2059 tue
664 2028 873 2065 sublimittas,
904 2029 1095 2059 sinceritatis
1127 2032 1180 2058 tue
1214 2028 1374 2058 laudanda
1409 2028 1556 2069 legalitas
1590 2037 1712 2058 necnon
1747 2027 1847 2057 eciam

193 2078 279 2109 zelus
304 2078 403 2109 debiti
429 2080 556 2116 amoris,
582 2090 644 2120 quo
668 2083 700 2110 te
718 2081 950 2121 prosequimur,
975 2090 1048 2120 spes
1066 2090 1194 2120 quoque
1219 2083 1251 2110 et
1274 2090 1336 2110 non
1353 2080 1480 2110 modica
1496 2079 1622 2117 fiducia,
1647 2078 1733 2118 quod
1757 2077 1848 2108 nobis

194 2134 225 2161 et
249 2131 383 2170 imperio
401 2130 576 2172 fi[deli]us²³
593 2131 789 2172 obsequaris,
815 2135 954 2162 nostram
980 2131 1210 2162 excellenciam
1228 2130 1402 2161 admonent
1425 2135 1457 2161 et
1474 2130 1635 2168 inducunt,
1659 2133 1694 2160 ut
1718 2132 1748 2159 te
1767 2132 1847 2160 tam-

194 2191 290 2222 quam
315 2186 459 2212 nostrum
485 2186 517 2212 et
541 2183 667 2223 imperii
691 2183 869 2224 principem
894 2183 1021 2214 fidelem
1039 2183 1267 2213 munificenciis
1291 2183 1405 2212 nostris
1429 2181 1646 2222 imperialibus
1662 2181 1847 2212 benivolen-

194 2233 260 2263 cius
288 2234 437 2273 prosequi
470 2233 657 2264 debeamus.
725 2234 796 2265 Tibi
825 2235 921 2275 igitur
956 2238 988 2265 et
1019 2235 1079 2264 tuis
1113 2233 1285 2265 heredibus
1319 2234 1349 2263 in
1385 2237 1575 2274 perpetuum
1609 2232 1781 2263 dominium
1818 2233 1847 2262 in

193 2284 402 2325 Lissenegge,
427 2288 565 2315 castrum
591 2289 623 2316 et
648 2285 779 2326 opidum
807 2296 878 2316 cum
896 2286 1051 2316 universis
1067 2284 1258 2323 hominibus,
1285 2284 1385 2323 bonis,
1410 2284 1529 2315 iuribus
1546 2287 1578 2314 et
1594 2283 1848 2314 iurisdicionibus

193 2336 257 2365 suis
280 2346 317 2366 ac
334 2337 537 2376 pertinenciis
555 2336 807 2378 quibuscumque
833 2347 888 2367 seu
908 2337 1134 2377 cuiuscumque
1153 2336 1350 2367 condicionis
1373 2340 1428 2366 aut
1444 2336 1579 2366 nominis
1597 2336 1735 2365 existant
1758 2334 1847 2364 nobis

195 2390 226 2417 et
256 2387 391 2428 imperio
431 2389 629 2428 pertinencia
661 2389 692 2418 in
720 2389 836 2418 iustum
867 2391 899 2418 ct
927 2392 1048 2418 rectum
1079 2387 1210 2418 feodum
1241 2387 1445 2418 concedimus
1474 2390 1506 2417 et
1533 2386 1661 2416 nomine
1692 2385 1777 2416 feodi
1807 2385 1845 2414 de

150 2449 177 2467 40
195 2439 394 2478 plenitudine
428 2442 534 2469 nostre
561 2440 747 2480 mayestatis
779 2439 932 2470 tradimus
962 2442 994 2469 et
1018 2439 1182 2469 donamus.
1236 2438 1426 2469 Mandantes
1454 2437 1673 2478 purchgraviis
1703 2435 1844 2466 eiusdem

196 2491 289 2520 castri
309 2494 341 2521 et
359 2490 490 2520 dominii
514 2494 577 2520 tam
596 2490 798 2531 presentibus
816 2501 911 2531 quam
929 2490 1042 2520 futuris
1066 2494 1098 2520 et
1121 2490 1192 2520 aliis
1210 2489 1460 2530 quibuscumque
1479 2488 1518 2519 ad
1537 2488 1655 2518 dictum
1673 2487 1846 2517 dominium

297 2601 362 2627 GOS.
392 2603 415 2633 ὃ)
434 2603 527 2627 excidit
544 2612 565 2628 c.

297 2669 363 2696 609.
391 2671 413 2701 ³)
434 2672 506 2695 uncis
524 2672 624 2696 inclusa
642 2679 747 2695 corrosa
767 2675 825 2695 sunl
843 2680 880 2695 or.

295 2756 319 2786 1>
341 2755 381 2786 Cf.
401 2763 486 2788 supra
505 2758 564 2781 tom.
586 2755 610 2780 V
622 2763 647 2787 p.
664 2758 717 2781 583
737 2755 750 2780 Ζ.
768 2758 790 2781 3.
