2205 3025
137 722 161 740 10

136 978 161 996 15

136 1234 161 1252 20

138 1490 163 1508 25

138 1746 163 1765 30

139 2001 163 2020 35

137 2259 161 2277 ⁴0

137 2516 162 2535 ⁴5

455 160 550 186 ACTA
570 160 681 186 REGNI
701 159 882 185 LUDEWICI
904 159 949 185 IV.
969 159 1013 185 ET
1035 159 1216 186 FRIDERICI
1238 160 1284 186 111.
1323 161 1396 186 1327.
1434 160 1482 186 Nix
1496 161 1528 186 ‘27
1549 182 1554 186 .
1774 164 1825 192 191

180 257 278 287 penas
303 246 478 277 eorundem
503 256 709 287 processuum
734 246 902 276 incurrisse
927 246 1007 276 iuste
1032 246 1208 286 procedere
1234 246 1422 283 valeremus,
1448 251 1555 278 tamen
1579 251 1710 288 propter
1734 247 1832 288 ipsius

179 302 298 329 etatem
328 302 472 328 teneram
504 297 542 328 ab
574 297 634 328 hiis
663 297 702 328 de
730 297 928 338 benignitate
961 297 1139 338 apostolica
1163 298 1410 338 supersedentes
1441 298 1481 328 ad
1514 308 1658 338 presens,
1690 298 1832 339 prefatos

180 349 322 380 Uli-icum
354 354 386 380 et
414 349 609 380 Guicherum
650 359 707 389 pro
735 348 1047 379 administratoribus
1076 359 1132 379 seu
1160 349 1429 389 gubernatoribus
1457 349 1533 379 dicti
1564 350 1769 390 primogeniti
1798 360 1831 380 se

179 404 328 441 gerentes
344 401 374 430 in
393 400 528 431 eandem
547 400 885 431 excommunicationis
903 401 1094 430 sententiam
1113 400 1258 430 incidisse
1276 400 1426 440 ipsosque
1443 403 1595 441 tanquam
1614 401 1831 431 excommuni-

179 455 266 481 catos
284 454 391 491 preter
408 460 500 480 casus
516 453 670 490 exceptos
687 461 705 480 a.
722 451 788 481 iure
807 450 874 480 fore
892 450 1037 480 vitandos
1054 450 1093 481 ab
1111 451 1266 485 omnibus,
1291 451 1329 481 de
1348 451 1533 482 eorumdem
1552 451 1683 482 fratrum
1701 453 1831 482 consilio

178 502 389 533 declaramus.

286 554 313 583 3,
350 552 391 582 Et
420 553 549 592 insuper
580 562 637 592 per
666 552 724 582 hoc
754 552 893 582 edictum
924 552 1086 592 publicum
1116 556 1264 593 presente
1295 553 1498 583 multitudine
1530 554 1659 594 copiosa.
1688 554 1829 585 fidelium

177 604 309 635 eosdem
340 603 603 644 primogenitum,
636 603 777 633 Ulricum
809 608 841 633 et
870 604 1067 634 Guicherum
1095 615 1129 635 se
1159 609 1307 645 gerentes
1337 615 1392 644 pro
1421 605 1689 644 gubernatoribus
1718 609 1751 636 ct
1774 605 1830 636 ad-

178 655 445 687 ministratoribus
469 655 566 695 ipsius
590 664 756 684 monemus
782 654 968 695 eisdemque
993 655 1051 685 sub
1077 657 1427 688 excommunicationis.
1452 667 1548 697 quam
1570 658 1655 698 ipsos
1672 661 1830 688 eteorum

179 707 355 748 quemlibet
384 706 550 737 monitioni
579 705 759 735 huiusmodi
787 706 918 736 forsitan
948 716 1010 736 11011
1040 710 1190 746 parentes
1219 707 1379 737 incurrere
1404 707 1548 738 volumus
1572 709 1640 748 ipso
1666 709 1764 741 facto,
1795 719 1831 739 ac

179 758 364 800 privationis
389 757 568 795 feudorum⁷
595 756 760 791 bonorum,
786 756 941 786 honorum
966 761 997 787 et
1021 758 1134 787 iurium
1153 768 1189 788 ac
1207 758 1444 798 privilegiorum
1463 769 1745 800 quorumcumque,
1771 770 1832 800 que

179 822 197 841 a
222 811 369 841 Romana
393 808 443 839 vel
468 808 630 849 quibusvis
653 807 724 837 aliis
742 807 885 838 ecclesiis
902 818 958 838 seu
975 808 1108 848 imperio
1126 808 1280 843 obtinent,
1306 810 1396 849 penis
1413 814 1445 840 et
1461 811 1627 840 sententiis
1644 811 1832 841 mandamus

178 871 346 902 expresse,
376 864 410 890 ut
439 859 480 890 ab
510 859 720 899 occupatione
749 858 823 889 dicti
854 859 1089 889 marchionatus
1118 870 1155 890 ac
1184 861 1297 890 iurinm
1327 865 1358 890 et
1386 862 1650 901 pertinentiarum
1679 863 1776 902 ipsius
1801 866 1831 893 et

179 913 290 954 quavis
307 912 531 943 molestatione
548 910 745 951 prelatorum
764 914 796 940 et
813 921 1020 950 personarum
1039 911 1325 941 ecclesiasticarum
1345 922 1465 942 necnon
1484 913 1635 943 nobilium
1654 917 1685 943 et
1698 913 1831 943 aliorum

180 964 394 1005 quorumlibet
419 963 591 993 incolarum
619 961 752 1002 predicti
778 962 1014 992 marchionatus
1038 966 1164 992 cessent
1188 963 1313 1002 penitus
1338 966 1369 993 et
1394 963 1556 998 desistant,
1582 966 1731 1005 ipsosque
1753 966 1831 995 cita-

177 1027 246 1047 mus
272 1014 517 1056 percmptorieb,
550 1017 585 1044 ut
609 1015 689 1044 infra
715 1017 853 1054 quatuor
877 1015 1032 1043 mensium
1064 1015 1201 1054 spatium
1227 1025 1242 1044 a
1269 1014 1343 1044 data
1369 1016 1561 1054 presentium
1589 1016 1829 1050 numerandum,

177 1078 256 1108 quos
292 1068 336 1098 eis
370 1077 426 1107 pro
460 1066 677 1107 peremptorio
710 1066 845 1095 termino
881 1065 919 1095 dc
953 1067 1091 1106 ipsorum
1124 1066 1256 1096 fratrum
1287 1066 1417 1096 consilio
1453 1067 1636 1106 prefigimus
1667 1079 1703 1097 ac
1734 1068 1829 1098 etiam

177 1119 386 1159 assignamus,
411 1118 588 1159 apostolico
613 1118 807 1157 conspectui.
834 1118 900 1157 ipse
918 1117 1067 1147 videlicet
1085 1117 1267 1147 Ludovicus
1286 1118 1516 1157 primogenitus
1535 1128 1590 1158 per
1607 1129 1639 1148 se
1657 1118 1707 1148 rel
1723 1119 1830 1150 alium.

176 1171 230 1200 alii
255 1180 331 1200 vero
356 1169 418 1200 duo
444 1168 655 1210 personaliter
678 1179 712 1197 se
736 1172 922 1209 presentent
945 1179 1042 1209 super
1062 1168 1214 1209 predictis
1232 1169 1342 1199 facturi
1361 1174 1392 1199 et
1410 1170 1567 1209 recepturi
1587 1180 1623 1199 ac
1640 1171 1829 1200 sententiam

180 1221 327 1257 audituri,
353 1224 447 1261 prout
472 1221 590 1251 iustitia
615 1218 773 1250 suadebit.
813 1219 943 1250 Eisdem
969 1220 1190 1250 nichilominus
1217 1219 1428 1260 predicentes,
1453 1220 1539 1260 quod
1563 1221 1630 1250 sive
1655 1221 1735 1251 infra
1761 1232 1830 1261 pre-

180 1272 298 1303 dictum
335 1272 503 1302 terminum
540 1272 777 1312 comparuerint
811 1272 877 1301 sive
913 1282 988 1305 non,
1025 1282 1080 1301 nos
1116 1274 1223 1301 contra
1262 1272 1346 1312 ipsos
1381 1276 1413 1301 et
1448 1282 1556 1302 eorum
1586 1272 1761 1313 quemlibet
1791 1273 1830 1302 ad

177 1323 427 1354 declarationem
458 1324 663 1354 inflictionum
693 1323 850 1354 dictarum
882 1327 913 1353 et
940 1323 1073 1354 aliarum
1103 1334 1257 1364 penarum
1283 1327 1502 1354 contentarum
1528 1324 1556 1353 in
1583 1323 1733 1363 predictis
1758 1334 1830 1364 pro-

177 1374 335 1413 cessibus,
368 1379 460 1415 prout
486 1378 517 1405 ct
541 1375 621 1405 sicut
646 1374 801 1415 expedire
827 1375 1018 1408 videbimus,
1050 1376 1172 1416 absque
1201 1376 1374 1406 monitione
1400 1379 1431 1406 et
1456 1376 1606 1405 citatione
1631 1376 1692 1405 alia
1720 1386 1830 1416 proce-

179 1425 292 1457 demus
316 1437 425 1456 eorum
450 1427 594 1457 absentia
619 1437 680 1456 non
705 1426 861 1456 obstante.

291 1481 318 1508 4.
344 1477 384 1508 Et
401 1479 530 1519 insuper
548 1477 693 1508 ornnibus
711 1482 743 1507 et
760 1478 891 1517 singulis
909 1482 972 1508 tam
990 1478 1112 1508 clericis
1130 1489 1224 1519 quam
1244 1479 1340 1509 laicis.
1366 1479 1591 1519 cuiuscumque
1610 1479 1831 1519 preniincntic.

178 1528 342 1569 dignitatis
377 1534 408 1560 et
445 1530 634 1560 conditionis
670 1530 823 1568 existant,
860 1530 983 1560 etiamsi
1019 1530 1192 1570 pontificali
1223 1530 1272 1560 rel
1309 1530 1408 1571 regali
1446 1540 1501 1560 seu
1534 1540 1734 1570 quacumque
1769 1530 1828 1560 alia

178 1581 393 1612 ecclesiastica
427 1581 474 1612 vel
506 1582 666 1611 mundana
693 1581 898 1621 prefulgeant
928 1581 1096 1619 dignitate,
1131 1592 1252 1612 necnon
1282 1581 1561 1612 comnnmitatibus
1590 1592 1645 1611 scu
1678 1581 1830 1611 universi-

178 1633 305 1664 tatibus.
331 1633 521 1671 civitatibiis,
547 1633 658 1663 castris
682 1636 714 1663 et
738 1633 815 1663 locis
839 1632 895 1663 sub
921 1634 1259 1664 excommunicationis
1277 1634 1305 1662 in
1325 1644 1477 1674 personas
1494 1633 1670 1672 singulares
1687 1637 1718 1663 et
1735 1633 1831 1663 inter-

180 1684 254 1715 dicti
279 1685 308 1714 in
334 1685 589 1716 communitates,
614 1685 847 1716 universitates
873 1685 1027 1715 civitates.
1053 1688 1155 1715 castra
1181 1688 1212 1715 et
1237 1685 1306 1714 loca
1331 1684 1473 1725 predicta
1499 1685 1589 1725 penis
1613 1688 1644 1714 et
1667 1685 1832 1714 sententiis

183 1736 371 1766 mandamns
395 1740 427 1765 et
451 1735 631 1766 inhibemus
649 1746 812 1776 expresse7
838 1746 875 1765 nc
893 1736 1017 1776 prefato
1036 1736 1248 1776 primogenito
1267 1739 1417 1776 tanquam
1436 1736 1611 1766 marchioni
1629 1740 1683 1766 ant
1701 1735 1831 1776 prefatis

180 1786 287 1817 Ulrico
313 1791 343 1818 et
368 1786 530 1817 Guichcro
555 1791 587 1817 ut
612 1786 880 1827 gubernatoribus
904 1797 960 1817 seu
985 1787 1296 1817 administratoribus
1313 1787 1411 1827 ipsius
1427 1798 1523 1827 snper
1539 1787 1696 1827 aliquibus
1714 1787 1830 1817 dictum

182 1838 434 1869 marchionatum
462 1838 668 1878 tangentibus
692 1839 851 1873 assistant,
877 1837 1055 1868 adhereant
1079 1849 1134 1868 seu
1159 1838 1325 1868 intendant
1349 1839 1398 1868 vel
1423 1842 1566 1879 prestent
1590 1838 1832 1879 quomodolibet

183 1899 240 1929 per
263 1900 296 1919 se
320 1890 370 1919 vel
395 1900 452 1929 per
477 1890 573 1920 alium
597 1900 652 1919 seu
678 1889 757 1919 alios
782 1889 902 1920 directe
926 1890 976 1920 vel
1002 1889 1166 1923 indirecte,
1196 1889 1321 1930 publice
1346 1890 1396 1919 vel
1421 1889 1543 1919 occulte
1568 1890 1731 1920 auxilium.
1757 1900 1831 1919 con-

180 1939 284 1970 silium
308 1941 358 1971 vel
384 1941 526 1971 favorem
552 1952 674 1971 necnon
699 1941 739 1971 de
765 1941 934 1979 reditibus,
966 1941 1187 1982 proventibus,
1219 1941 1477 1972 obventionibus.
1510 1941 1777 1971 iurisdictionilnis
1801 1946 1832 1971 et

183 1991 330 2021 dominiis
364 1992 506 2022 eiusdem
542 1992 780 2023 marchionatus
812 1993 861 2023 vel
896 1993 1028 2023 alienius
1063 1994 1161 2033 partis
1193 1993 1291 2033 ipsius
1325 1993 1540 2033 respondeant
1569 2003 1696 2033 quoquo
1727 1992 1831 2022 niodo.

179 2042 380 2074 Contrarium
398 2043 554 2074 facientes
571 2054 724 2084 personas
740 2045 916 2085 singulares
934 2045 1283 2081 excommunicationis,
1304 2045 1529 2074 universitates
1547 2055 1631 2079 vero,
1658 2045 1831 2074 communi*

179 2096 276 2126 tates.
309 2095 468 2128 civitates,
501 2099 603 2126 castra
636 2099 668 2125 ct
700 2095 770 2126 loca
803 2095 962 2126 interdicti
997 2096 1164 2126 sententiis
1197 2095 1364 2126 subiacere
1397 2096 1540 2126 volumus
1571 2100 1602 2125 ct
1633 2095 1832 2125 decernimusv

181 2145 250 2185 ipso
275 2147 369 2176 facto

287 2200 315 2227 5.
352 2197 396 2228 Ut
424 2202 532 2228 autem
563 2209 729 2238 processus
759 2201 868 2229 noster
895 2198 1077 2229 huiusmodi
1108 2198 1149 2229 ad
1178 2198 1334 2229 dictorum
1360 2198 1538 2237 ldudovici)
1569 2198 1772 2239 primogeniti
1796 2208 1832 2228 ac

182 2246 281 2278 Uli—ici
312 2252 343 2279 et
367 2249 519 2280 Guicheri
550 2254 581 2279 et
610 2250 745 2280 aliorum
774 2261 853 2290 quos
882 2251 983 2290 tangit
1012 2260 1214 2280 communem
1245 2251 1390 2280 notitiam
1419 2250 1604 2282 deducatur.
1636 2254 1739 2280 cartas
1766 2250 1831 2278 sive

179 2299 382 2330 membranas
407 2311 591 2341 processum
617 2302 815 2331 continentes
840 2301 987 2331 eumdem
1013 2301 1153 2342 appendi
1179 2312 1235 2331 scu
1259 2301 1347 2341 astigi
1370 2302 1400 2331 in
1426 2301 1560 2331 ecclesie
1585 2301 1831 2337 Avinionflffnsis)

180 2350 266 2380 ostiis
290 2351 456 2390 faciemus,
483 2362 543 2392 que
568 2363 753 2392 processum
778 2353 880 2393 ipsum
906 2363 961 2383 suo
987 2353 1078 2394 quasi
1101 2363 1216 2383 sonoro
1241 2353 1392 2393 preconio
1418 2357 1449 2382 et
1473 2353 1582 2393 patulo
1601 2352 1710 2382 inditio
1729 2351 1831 2392 publi-

182 2401 308 2439 cabunt,
333 2403 377 2433 ita
402 2403 487 2444 quod
512 2404 570 2444 ipsi
595 2404 645 2434 vel
671 2403 733 2437 alii.
759 2414 838 2445 quos
860 2415 1027 2444 processus
1045 2405 1113 2445 ipse
1131 2404 1294 2444 contingit,
1320 2404 1437 2433 nullam
1456 2404 1577 2443 possint
1594 2404 1830 2433 excusationem

180 2453 372 2492 pretendere
404 2455 453 2485 vel
484 2455 696 2495 ignorantiam
726 2455 882 2496 allegare,
913 2455 998 2496 quod
1028 2455 1068 2486 ad
1098 2466 1153 2486 eos
1182 2455 1266 2485 idem
1297 2465 1464 2495 processus
1492 2465 1552 2484 non
1577 2455 1758 2495 pervenerit
1782 2454 1829 2483 vel

182 2505 267 2545 quod
290 2506 468 2546 ignorarint
491 2507 642 2540 eundem.
672 2508 744 2548 quia
775 2518 836 2538 non
862 2511 910 2538 est
933 2508 1106 2538 verisimile
1131 2507 1238 2548 quoad
1263 2508 1348 2547 ipsos
1372 2516 1538 2536 remanere
1563 2506 1756 2545 incognitum
1782 2505 1830 2534 vel

181 2556 355 2596 occultum,
392 2557 477 2598 quod
513 2562 577 2588 tam
610 2562 758 2600 patenter
789 2560 935 2590 omnibus
968 2559 1157 2600 publicatur.
1213 2558 1365 2589 Ceterum
1399 2558 1544 2587 volumus
1577 2561 1608 2587 et
1641 2557 1830 2586 anctoritate

180 2608 357 2647 apostolica
387 2608 601 2647 decernimus,
632 2610 717 2651 quod
746 2621 912 2650 processus
941 2614 1049 2641 noster
1082 2609 1263 2640 huiusmodi
1292 2608 1374 2639 adeo
1403 2608 1545 2648 prefatos
1574 2608 1829 2648 primogenitum.

181 2657 323 2689 Ulricum
348 2662 379 2689 et
403 2659 597 2691 Guicherum
622 2671 658 2691 ac
684 2662 763 2692 alios
789 2672 898 2691 omnes
924 2666 955 2691 et
980 2661 1136 2702 singulos.
1167 2671 1247 2701 quos
1271 2664 1404 2698 tangere
1431 2659 1580 2689 noscitur.
1609 2658 1831 2699 apprehendat

284 2769 347 2794 2ἷ6.
376 2769 399 2802 b)
420 2772 445 2796 in
465 2780 545 2803 nimy.
565 2772 625 2796 adel.
646 2773 738 2797 Citati-J
757 2781 778 2798 c.

1848 1025 1903 1043 Ans.
1913 1027 1933 1045 9.
