2205 3025
339 111 400 139 λ116
616 104 711 132 ACTA
732 102 843 129 REGN]
865 102 1047 128 LUDEWICI
1067 101 1113 129 IV.
1134 101 1178 126 ET
1198 100 1379 126 FRIDERICI
1398 100 1446 126 ΙΙΙ.
1483 99 1558 126 1328.
1595 99 1641 125 Nr.
1656 99 1713 126 506.

479 255 552 288 506.
588 252 731 288 ACTA
757 250 954 287 CURIAE
983 248 1195 285 VICARII
1222 247 1530 285 GENERALIS
1554 248 1607 283 IN
1635 246 1845 284 TUSCIA.

1012 317 1119 352 13e8.
1161 317 1239 352 Oet.
1263 317 1322 352 921.

447 411 501 441 Ec
524 410 615 441 Actis
639 410 689 448 (c.)
720 409 828 439 curiae
855 408 968 438 riccarii
993 407 1149 446 yeneral‘ts
1177 406 1332 438 tabularii
1361 407 1440 446 νθῃῖί
1469 406 1594 437 Lucani
1622 406 1735 438 ‘Curia
1762 406 1807 438 ἅθ’
1824 407 1933 437 rettori
1956 407 1989 437 Γ

339 463 498 502 εῐψῑαίίεῑ.
542 460 739 492 Contulinms
754 470 819 490 nos.
859 458 1057 489 Pracccduut
1081 458 1155 489 llaec
1171 458 1279 489 verba:
1302 457 1338 488 In
1362 459 1491 489 nomine
1508 458 1638 489 Domini
1662 468 1765 489 amen.
1855 457 1917 488 Hic
1941 462 1990 489 est

339 514 419 544 liber
442 513 595 543 memorie
621 515 653 542 et
676 511 1003 542 extraordinariorum
1027 510 1131 540 011116Ε
1147 510 1277 540 illustris
1300 510 1451 550 principis
1476 509 1595 540 domini
1621 509 1740 539 domini
1759 509 1911 550 Federigi
1927 509 1990 539 Dei

339 566 443 606 gratia
460 563 637 594 brocraviib
655 563 694 593 de
712 561 917 602 Norinbergh
935 562 1015 592 sacri
1031 561 1169 591 Romani
1186 561 1311 600 imperii
1331 561 1362 590 in
1380 560 1496 590 Tuscia
1512 561 1621 591 vicarii
1638 560 1806 601 generalis,
1831 561 1989 591 existente

341 617 408 647 eins
439 616 556 646 vicario
581 614 724 656 generali
752 613 850 644 nobili
880 616 911 643 et
941 613 1077 653 sapienti
1102 612 1168 642 viro
1194 611 1322 642 domino
1347 611 1497 642 Manuele
1523 610 1562 641 de
1586 611 1735 641 Zanaxiis
1764 610 1804 641 de
1830 609 1991 642 Cremona

340 667 416 698 iuris
445 667 608 707 utriusque
637 665 756 706 perito,
787 664 922 704 scriptus
951 673 1010 704 per
1033 674 1084 693 ser
1107 663 1239 693 Atinum
1262 662 1408 703 Raynam
1435 662 1474 692 de
1498 662 1602 702 Papia
1626 663 1799 701 notarium,
1831 662 1989 693 cancella-

340 719 421 749 rium
450 719 534 748 curie
564 716 765 757 supradictec
790 718 822 746 et
850 725 908 756 per
936 725 987 745 me
1011 715 1188 745 Iohannem
1217 724 1268 744 ser
1290 713 1377 744 Nelli
1402 713 1441 744 de
1466 712 1583 744 Sancto
1608 713 1740 744 Miniate
1771 714 1929 744 notarium
1959 717 1991 744 et

341 769 567 800 cancellarium
598 768 683 798 curie
715 767 944 808 suprascripte,
980 766 1037 797 sub
1073 776 1154 796 anno
1189 765 1364 796 nativitatis
1396 764 1526 795 Domini
1560 764 1731 795 millesimo
1766 765 1990 795 trecentesimo

340 821 495 861 vigesimo
520 824 644 859 octavo,
667 819 841 849 indictione
859 818 1060 857 duodecima,
1085 816 1198 847 diebus
1223 819 1254 847 et
1270 816 1433 847 mensibus
1455 816 1674 857 infrascriptis.
1690 834 1731 838 —
1749 815 1861 846 Edidit
1877 816 1992 847 Fz'elcer

346 871 578 911 ‘Forschzmyen
600 881 659 902 ,mr
682 870 811 901 Reichs-
834 869 902 900 und
924 867 1370 908 Reclzfl‘sgseseliichte,Dalion&
1394 867 1455 905 IV,
1480 867 1542 897 5⁴22
1564 877 1613 898 ur.
1631 868 1693 897 511
1717 878 1754 898 ex
1778 878 1802 898 c.

452 931 503 972 Cf.
527 931 617 968 infra
640 940 689 960 ην.
707 931 778 960 536.
803 931 874 960 537.

452 1015 568 1045 Coram
593 1015 683 1045 vobis
706 1014 876 1054 magnifico
902 1014 1030 1044 domino
1056 1037 1062 1043 .
1082 1038 1087 1043 .
1114 1013 1242 1043 domino
1268 1012 1441 1043 Frederico
1467 1011 1666 1052 burgraviod,
1691 1012 1808 1042 vicario
1833 1011 1993 1052 imperiali

343 1067 504 1108 generaliG
521 1066 710 1097 Fi‘edericus
734 1076 784 1096 ser
800 1065 935 1095 Bianchi
959 1065 1100 1095 notarius
1124 1067 1310 1095 reverenter
1335 1064 1475 1104 exponit,
1501 1063 1587 1104 quod
1611 1073 1668 1103 per
1692 1062 1855 1093 dominum
1872 1062 1991 1094 Raine-

342 1119 422 1149 rium
447 1119 523 1148 olim
546 1117 699 1147 vicarium
724 1116 870 1147 ducalem
896 1120 927 1146 et
952 1117 1019 1146 eius
1043 1116 1163 1146 curiam
1188 1125 1372 1156 processum
1397 1115 1455 1145 fuit
1478 1115 1593 1145 iniuste
1619 1116 1728 1145 contra
1751 1115 1854 1155 ipsum
1870 1113 1993 1144 Frede-

344 1170 466 1200 richum
496 1169 536 1199 ad
565 1168 805 1209 precipiendum
838 1167 943 1198 eidem
974 1167 1014 1197 de
1047 1167 1152 1197 dando
1184 1170 1216 1197 et
1246 1166 1400 1197 solvendo
1436 1176 1486 1196 ser
1516 1166 1656 1196 Puccino
1688 1165 1824 1196 condam
1854 1165 1995 1196 Coluccii

343 1221 546 1251 Bozamantis
570 1220 667 1250 libras
683 1219 749 1249 VII
772 1218 822 1249 vel
847 1220 935 1259 quasi
960 1218 1042 1249 infra
1066 1222 1186 1249 certum
1211 1218 1391 1255 terminum„
1416 1222 1510 1258 prout
1534 1220 1566 1247 et
1590 1217 1670 1247 sicut
1693 1217 1724 1246 in
1747 1217 1817 1257 ipso
1841 1219 1993 1257 precepto

343 1273 468 1313 plenius
493 1272 681 1309 continetur,
712 1270 752 1301 ad
777 1270 862 1311 quod
887 1273 1073 1311 preceptum
1099 1273 1131 1300 et
1155 1279 1338 1310 processum
1370 1270 1476 1309 inique
1507 1272 1539 1299 et
1562 1269 1628 1299 sine
1657 1269 1739 1298 iusta
1768 1278 1863 1298 eausa
1892 1267 1994 1298 dictus

345 1323 491 1353 dominus
515 1322 684 1352 Rainarius
709 1321 863 1362 processit
887 1321 927 1351 ad
952 1321 1139 1361 petitionem
1165 1320 1370 1360 suprascripti
1395 1330 1446 1350 ser
1469 1320 1599 1350 Puccini
1624 1319 1766 1360 pluribus
1790 1318 1993 1349 ractionibus.

346 1373 387 1404 Et
411 1375 513 1414 primo
539 1374 607 1413 ipso
624 1372 797 1403 Frederico
823 1383 884 1402 non
903 1376 1101 1411 contumace,
1125 1382 1187 1402 non
1212 1371 1356 1402 confesso
1382 1374 1414 1402 et
1437 1381 1498 1401 non
1517 1371 1663 1401 convinto
1687 1374 1718 1401 et
1741 1371 1772 1400 in
1797 1370 1860 1400 suis
1876 1369 1996 1400 iuribus

345 1425 506 1456 exaudito.
554 1424 637 1455 Item
663 1425 737 1464 quia
760 1424 915 1464 processit
939 1427 1084 1464 tempore
1109 1423 1234 1462 feriato,
1259 1423 1345 1463 quod
1368 1423 1437 1453 fieri
1460 1433 1520 1453 non
1547 1421 1666 1452 debuit.
1712 1421 1794 1452 Item
1820 1422 1894 1462 quia
1918 1432 1997 1462 pen-

346 1476 445 1507 debat
467 1476 506 1505 lis
534 1480 566 1506 et
590 1476 714 1516 questio
743 1475 783 1506 de
814 1475 938 1516 hiisque
970 1475 1141 1515 petebatur
1169 1484 1275 1505 coram
1309 1484 1346 1504 eo
1380 1484 1487 1504 coram
1516 1474 1604 1504 curia
1632 1473 1887 1504 extraordinaria
1915 1473 1998 1503 inter

346 1529 431 1568 ipsas
455 1531 562 1567 partes
587 1530 619 1558 et
643 1528 686 1557 sic
710 1527 764 1557 lite
790 1527 949 1567 pendente
978 1527 1020 1556 1111
1053 1529 1179 1566 poterat
1202 1525 1253 1556 vel
1278 1525 1417 1556 debebat
1444 1525 1587 1556 innovari
1612 1525 1642 1555 in
1667 1525 1730 1555 alia
1754 1525 1849 1554 curia.
1903 1523 1997 1554 Unde

347 1579 438 1609 dictis
463 1578 502 1609 de
527 1579 629 1609 causis
660 1582 692 1608 et
716 1588 756 1608 cx
780 1579 849 1608 aliis
873 1577 1103 1618 proponendisq
1135 1578 1159 1607 si
1191 1588 1270 1618 opus
1299 1576 1408 1615 fuerit,
1438 1580 1543 1607 vestre
1573 1576 1809 1616 magnificentie
1834 1575 1997 1605 humiliter

347 1641 404 1671 per
427 1631 510 1660 viam
535 1630 775 1670 supplicationis
802 1629 975 1670 supplicat,
999 1628 1085 1669 quod
1110 1628 1213 1659 velitis
1237 1628 1391 1659 mandare
1415 1631 1520 1658 vestro
1544 1627 1677 1664 vicario,
1709 1630 1865 1667 quatenus
1893 1627 1996 1667 ipsum

347 1684 533 1722 preceptum
559 1687 590 1711 et
613 1691 797 1720 processum
821 1681 896 1711 visis
919 1680 1039 1710 iuribus
1064 1680 1201 1720 partium
1227 1683 1330 1710 casset
1354 1683 1387 1710 et
1410 1679 1531 1709 anullet
1555 1682 1587 1709 et
1610 1679 1695 1719 ipsas
1719 1681 1827 1718 partes
1851 1678 1998 1708 remictat

347 1733 388 1763 ad
412 1743 521 1763 eorum
547 1732 684 1762 iudicem
715 1735 745 1762 et
769 1732 889 1761 curiam
919 1734 1171 1771 competentelm
1203 1732 1227 1760 si
1251 1730 1384 1761 ulterius
1408 1730 1542 1760 intendit
1574 1729 1730 1760 lioateref.
1783 1729 1823 1759 Et
1854 1729 1997 1769 predicta

348 1785 429 1824 petit
452 1794 508 1824 per
534 1784 614 1813 viam
640 1783 879 1824 supplicationis
910 1786 942 1813 et
971 1783 1054 1812 omni
1079 1783 1144 1817 viaq
1169 1783 1324 1812 interesse
1356 1785 1388 1811 et
1416 1781 1511 1812 modo
1545 1781 1658 1822 quibus
1686 1781 1801 1811 melius
1831 1783 1937 1820 potest
1966 1783 1998 1810 et

312 1824 317 1831 ⁴
348 1836 450 1875 ipsum
468 1838 655 1875 preceptum
674 1838 705 1865 et
722 1845 906 1874 processum
924 1835 1040 1864 cassari
1058 1837 1090 1864 et
1106 1833 1259 1866 revocari.
1284 1834 1309 1863 si
1334 1833 1441 1873 aliqua
1465 1836 1546 1871 sunt,
1613 1833 1637 1862 si
1656 1842 1730 1862 vero
1754 1831 1850 1867 nulla,
1875 1831 1996 1861 nullum

349 1897 418 1917 esse
444 1890 475 1916 ot
499 1886 594 1916 fuisse
620 1886 867 1926 pronumptiare.
914 1885 1186 1925 Pronunptiantes
1211 1884 1293 1915 bene
1324 1884 1537 1925 supplicatum
1568 1894 1624 1924 pro
1657 1883 1741 1913 dicto
1766 1882 1937 1913 Frederico
1967 1886 1998 1912 et

349 1937 431 1968 male
457 1948 641 1977 processum
666 1948 723 1977 per
747 1937 866 1967 dictum
892 1937 1055 1967 dominum
1080 1936 1277 1967 Rainerium.

456 1989 645 2018 Porrectum
675 1988 726 2018 die
758 1988 848 2018 XXI.
879 1989 996 2018 mensis
1028 1988 1159 2018 Octubr.
1194 1998 1252 2028 per
1283 1987 1403 2017 dictum
1442 1997 1493 2017 ser
1527 1986 1735 2017 Fredericum
1771 1995 1877 2016 coram
1914 1985 1998 2014 dicto

350 2039 478 2070 domino
510 2040 626 2069 vicario
659 2040 874 2080 suprascripto
905 2039 1037 2069 sedente
1070 2039 1111 2069 ad
1142 2038 1298 2069 banchum
1331 2042 1405 2073 etc.,
1441 2042 1589 2079 presente
1621 2048 1671 2068 ser
1700 2037 1840 2067 Puccino
1873 2039 1999 2066 contra-

350 2090 490 2127 dicente,
522 2091 571 2119 cui
602 2091 741 2120 locatum
766 2094 814 2120 est
844 2100 900 2130 per
924 2090 1041 2121 dictum
1068 2090 1230 2120 dominum
1254 2090 1422 2127 vicarium,
1453 2089 1538 2130 quod
1567 2089 1662 2119 hodie
1693 2099 1750 2129 per
1781 2091 1880 2118 totam
1914 2087 1998 2117 diem

351 2152 412 2181 que
442 2141 500 2171 fuit
524 2141 613 2171 XXI.
639 2142 755 2171 mensis
780 2141 911 2172 Octubr.
937 2141 1056 2171 debeat
1080 2141 1264 2175 ostender&
1290 2141 1427 2181 qualiter
1451 2141 1535 2171 dicta
1564 2140 1758 2180 supplicacio
1788 2139 1885 2169 fuerit
1912 2143 2000 2169 mota

352 2193 432 2222 intra
461 2193 639 2222 terminum.
744 2193 771 2222 A
798 2192 925 2223 domino
949 2192 1098 2223 Manuele
1123 2193 1239 2222 vicario
1265 2192 1479 2232 suprascripto
1509 2191 1642 2222 sedente
1667 2191 1707 2222 ad
1731 2190 1889 2221 banchum
1913 2190 1999 2227 iuris,

351 2247 386 2273 ut
409 2244 505 2273 moris
530 2247 587 2282 est,
612 2243 750 2273 locatum
776 2244 834 2274 fuit
859 2244 950 2274 dictis
974 2244 1117 2284 partibus
1134 2244 1336 2284 presentibus
1360 2247 1391 2273 et
1411 2243 1672 2284 intelligentibusq
1698 2241 1783 2283 quod
1807 2241 1904 2271 hodie
1929 2244 2001 2281 post

352 2305 467 2324 nonam
493 2298 525 2324 et
549 2298 621 2325 ante
639 2305 789 2334 vesperas
807 2305 912 2325 coram
938 2305 975 2326 eo
1001 2295 1175 2325 addictam
1203 2295 1321 2325 curiam
1340 2294 1479 2325 debeant
1503 2304 1690 2334 comparere
1715 2293 1755 2324 ad
1772 2292 1943 2323 videndum
1969 2294 2000 2322 et

354 2345 591 2387 opponendum,
616 2347 639 2375 si
665 2345 749 2376 dicta
774 2346 963 2386 supplicatio
988 2346 1083 2377 fuerit
1108 2346 1191 2376 facta
1214 2347 1296 2376 intra
1321 2347 1501 2376 terminum.

456 2507 520 2532 506.
549 2511 572 2538 2)
592 2516 658 2539 sequ.
673 2508 743 2531 delet.
763 2508 803 2530 ulni
824 2516 843 2531 c.
916 2507 939 2538 b)
959 2516 1035 2539 super
1054 2509 1161 2532 brom-au
1181 2508 1263 2538 delet„
1283 2516 1348 2539 sequ.
1363 2507 1435 2532 delet.
1455 2515 1466 2531 s
1485 2515 1505 2531 c.
1578 2506 1599 2533 ς)
1619 2514 1684 2536 sequ.
1699 2505 1770 2529 delet.
1791 2513 1820 2529 su
1840 2512 1859 2529 c.
1932 2502 1956 2533 d)
1975 2504 2001 2527 ἰη

354 2551 425 2574 Actis
450 2550 612 2574 inveniamur
634 2551 708 2573 etlam
731 2550 844 2581 formae:
873 2550 1013 2581 bulgravii,
1039 2551 1178 2581 brugravii.
1277 2550 1298 2580 θ)
1323 2550 1350 2573 in
1374 2550 1444 2573 Actis
1469 2549 1523 2573 alio
1550 2549 1603 2573 locu
1628 2548 1714 2572 titulus
1739 2552 1786 2572 est:
1815 2548 1905 2571 Coram
1929 2546 2002 2570 vobis

356 2594 458 2618 dominc
478 2594 571 2617 vicario
590 2600 661 2616 sacre
681 2592 818 2616 maiestatis
838 2593 986 2623 imperialis.
1075 2592 1093 2615 s>
1113 2593 1148 2617 sic
1167 2602 1186 2616 c.

461 2661 484 2691 1)
509 2660 548 2691 Cf.
574 2659 738 2684 ‘Im-entari«,
766 2658 807 2683 (M
834 2658 867 2683 B.
886 2658 1008 2682 Archiv-io
1036 2659 1063 2683 ‹Zi
1092 2659 1167 2684 Smin
1198 2660 1226 2684 [11
1251 2659 1355 2684 Lucem*
1383 2659 1565 2690 stDocamenti
1591 2658 1659 2692 ‹leyli
1686 2657 1794 2683 Arclziri
1822 2656 1959 2687 Toscani’)
1987 2656 2003 2680 1

357 2706 448 2735 (1072)
464 2712 491 2735 J».
505 2708 542 2728 ve.

2010 776 2036 793 10

2013 1074 2036 1092 15

2014 1329 2039 1347 20

2016 1586 2040 1605 25

2016 1841 2042 1859 30

2019 2096 2042 2115 35

2019 2351 2045 2370 40

2020 2708 2047 2726 45
