2205 3025
536 196 633 222 ACTA
653 196 764 222 REGNI
785 196 966 223 LUDEWICI
986 197 1034 224 lv.
1073 198 1145 225 1330.
1184 198 1231 225 Nr.
1244 199 1302 225 811.
1321 198 1378 225 812.
1397 199 1456 225 813.
1757 202 1818 232 655

278 281 413 312 Iohanni
438 283 507 323 regi
531 283 663 313 Boemie
689 282 811 313 illustri.
1847 322 1849 324 Ι

279 332 402 363 Di1.f11.
427 333 552 364 nobiles
577 334 659 364 viros
676 333 832 364 Iofridum
856 334 1008 365 comitem
1034 334 1073 365 de
1091 335 1253 375 Linanges
1278 342 1309 366 et
1326 335 1531 367 Guillelmum
1549 336 1693 367 Pinchon
1717 336 1820 368 archi-

171 384 341 415 diaconum
373 384 607 415 Abrincensem
642 395 679 415 ac
709 384 877 416 Nicolaum
913 385 952 416 de
981 385 1143 417 Monstorf
1173 387 1322 417 clericum
1353 387 1591 419 ambaxiatores
1624 391 1656 418 et
1690 389 1820 419 nuncios

171 437 277 477 regios
300 446 401 476 nuper
424 436 465 466 ad
489 439 631 466 nostram
656 437 855 476 presenciam
881 437 1057 468 destinatos
1081 448 1204 468 necnon
1228 437 1351 469 litteras
1376 442 1445 469 tuas
1473 438 1513 469 ab
1542 439 1587 470 eis
1610 442 1716 470 nostro
1740 450 1819 480 apo-

139 497 150 515 5
170 486 300 517 stolatui
325 490 525 527 presentatas
548 486 687 527 benigne
712 488 891 528 recepimus
915 492 948 519 et
971 498 1033 528 que
1058 499 1165 519 coram
1190 489 1281 519 nobis
1305 493 1494 520 curaverunt
1523 501 1580 530 pro
1611 494 1701 530 parte
1730 492 1819 532 regia

170 541 235 568 tam
260 538 357 568 verbo
381 549 476 578 quam
501 539 626 579 scriptis
650 549 830 578 proponere
856 539 1005 580 dictoque
1030 540 1134 570 littere
1159 539 1374 573 continebant.
1399 541 1615 572 intelleximus
1639 541 1819 582 diligenter.

170 589 380 630 Tandemque
406 590 568 629 premissis
592 589 737 629 diligenti
761 590 1028 629 premeditatione
1054 590 1202 621 discussis
1227 591 1403 622 eorundem
1426 593 1610 623 nunciorum
1634 593 1819 624 anibaxiate

170 639 402 681 respondimus,
427 641 507 670 sicut
531 641 561 670 in
586 640 701 670 litteris
724 641 850 679 nostris7
876 651 954 682 quas
978 641 1052 672 inde
1077 646 1130 672 tue
1148 642 1327 672 celsitudini
1344 642 1519 683 dirigimus,
1544 644 1661 685 regalis
1685 645 1818 675 circum-

170 692 293 732 spectio
317 691 441 732 plenius
466 691 584 732 poterit
614 692 731 722 intueri
743 693 761 724 ¹.
791 691 853 721 illis
881 703 921 723 ex
945 692 1153 732 petitionibus
1178 704 1234 733 pro
1259 696 1350 733 parte
1374 694 1463 734 regia
1487 704 1544 735 per
1567 705 1622 725 eos
1646 695 1737 726 nobis
1762 696 1818 726 ob-

127 755 151 773 10
170 743 251 781 latis,
277 753 354 784 quas
379 743 513 774 honeste
537 742 711 774 secundum
730 742 835 773 Deum
860 743 1029 784 potuimus,
1054 743 1095 774 ad
1113 743 1326 774 exauditionis
1350 745 1485 785 gratiam
1509 746 1696 777 introductis
1720 747 1819 777 nichi-

170 794 315 826 lominus.
341 797 434 834 prout
457 794 517 834 ipsi
541 795 645 824 nuncii
670 795 759 834 regie
785 794 965 825 celsitudini
989 794 1109 825 referre
1133 795 1282 826 seriosius
1306 799 1456 836 poterunt
1479 797 1550 828 viva
1574 808 1661 829 voce.

277 846 351 876 Dat.
368 845 563 883 Avinion(c),
589 845 627 875 V.
646 845 718 876 Kal.
744 846 891 886 Augusti,
917 856 999 876 anno
1024 846 1275 886 quartodecimo.

345 967 432 1003 812.
473 968 627 1003 Litterae
651 969 697 1002 ml
725 968 877 1002 Ortmann
906 969 1021 1003 «lucrm
1052 969 1213 1003 Anslritw
1237 971 1390 1013 prim-es.
1498 969 1562 1004 led.
1582 971 1643 1004 :352

261 1042 358 1081 Copia
390 1044 441 1082 (c.)
474 1043 584 1073 ‹ibidmn
614 1046 684 1073 lom.
710 1042 806 1072 1151!
829 1042 881 1080 sol.
905 1044 962 1072 7020
990 1053 1038 1074 vr.
1058 1043 1150 1073 1960.
1201 1042 1433 1082 Desrripsivms
1460 1054 1525 1074 nos,
1556 1063 1593 1065 —
1620 1043 1681 1074 Ed.
1699 1043 1822 1075 Re'ezlcr

127 1097 149 1115 1⁵
170 1093 188 1124 l.
206 1103 278 1132 cup.
295 1095 359 1124 473
381 1105 429 1125 m:
448 1096 531 1124 13:39
555 1105 592 1125 ea·
615 1104 641 1124 c.
666 1094 902 1133 (decurtatum).

278 1171 389 1202 Ottoni
413 1171 485 1202 duci
510 1172 649 1202 Austrie.

279 1223 341 1254 Dil.
360 1223 401 1253 fil.
426 1223 550 1253 nobiles
575 1224 658 1253 viros
682 1223 857 1254 Rudolfum
883 1223 922 1253 de
940 1222 1130 1253 Ochsestein
1155 1226 1187 1252 et
1204 1222 1371 1253 Nicolaum
1396 1221 1435 1252 de
1453 1221 1691 1253 Wrowinveldss
1714 1222 1821 1263 capel-

173 1275 279 1305 lanum
311 1278 399 1305 tuum
436 1278 490 1305 tue
522 1275 698 1305 nobilitatis
728 1274 968 1306 ambaxiatorcs
1004 1278 1035 1305 et
1070 1275 1202 1305 nuncios
1232 1274 1272 1305 ad
1301 1274 1462 1304 nostramb
1493 1285 1592 1314 nuper
1623 1274 1821 1314 presenciam

173 1327 350 1358 destinatos
375 1336 498 1356 necnon
523 1325 645 1356 litteras
669 1330 740 1356 tuas
764 1325 805 1356 ab
830 1326 876 1356 eis
901 1330 1008 1356 nostro
1033 1325 1227 1367 apostolatui
1246 1325 1467 1366 presentatas2
1484 1325 1620 1365 benigne
1645 1325 1824 1365 recepimus
1846 1336 1851 1340 ”

127 1388 152 1406 20
172 1382 203 1410 et
228 1389 289 1419 que
314 1388 421 1408 coram
450 1377 542 1408 nobis
566 1380 631 1407 tam
656 1388 734 1408 voce
759 1387 855 1418 quam
880 1378 1006 1418 scriptis
1030 1388 1087 1418 pro
1112 1381 1202 1417 parte
1228 1380 1282 1407 tua
1306 1380 1496 1407 curaverunt
1520 1386 1698 1417 proponere
1723 1375 1823 1405 dicte-

172 1440 234 1471 quc
264 1429 471 1460 continebant
495 1429 616 1467 littere,
650 1428 867 1459 intelleximus
892 1429 1072 1469 diligenter.
1120 1428 1329 1469 Tandemque
1359 1428 1521 1468 premissis
1549 1427 1695 1468 diligenti
1723 1426 1824 1457 medi-

173 1481 298 1511 tacione
324 1480 473 1511 discussis
496 1480 673 1511 eorundem
697 1481 882 1511 nunciorum
913 1480 1097 1511 ambaxiatc
1123 1479 1362 1521 respondimus,
1393 1479 1473 1509 sicut
1500 1479 1530 1508 in
1558 1478 1671 1509 litteris
1701 1479 1824 1513 nostris,

173 1542 252 1572 quas
277 1531 350 1562 inde
375 1532 612 1573 magnificentie
637 1536 690 1562 tue
713 1531 880 1572 dirigimus
893 1532 912 1564 ¹.
937 1536 992 1562 tua
1016 1535 1121 1572 potest
1146 1531 1387 1571 circumspectio
1413 1530 1536 1570 plenius
1560 1529 1684 1562 intueri,
1709 1528 1770 1559 illis
1787 1540 1825 1559 ex

172 1583 379 1624 petitionibus
404 1594 462 1624 per
485 1584 571 1624 ipsos
595 1594 652 1624 pro
677 1587 767 1624 parte
785 1582 860 1625 [tua]
885 1583 976 1614 nobis
998 1583 1123 1618 oblatis,
1149 1594 1228 1624 quas
1252 1583 1386 1613 honeste
1404 1581 1577 1612 secundum
1594 1581 1699 1612 Deum
1724 1581 1827 1621 potui-

129 1644 255 1674 25111US,
281 1634 321 1665 ad
346 1635 558 1665 exauditionis
589 1635 725 1676 gratiam
755 1634 943 1665 introductis
968 1635 1206 1673 nichilominus,
1232 1636 1325 1675 prout
1349 1634 1408 1674 ipsi
1433 1633 1537 1663 nuncii
1567 1636 1619 1663 tue
1649 1632 1823 1673 prudencie

172 1686 292 1717 referre
309 1687 457 1717 seriosius
475 1690 624 1727 poterunt
648 1687 719 1716 viva
744 1696 831 1717 voce.
878 1687 951 1717 Alia
969 1696 1055 1725 vcro,
1081 1686 1120 1716 de
1146 1686 1260 1726 quibus
1285 1684 1342 1715 tibi
1367 1696 1424 1726 pcr
1447 1685 1526 1715 alias
1548 1684 1669 1715 litteras
1679 1685 1689 1701 ³
1713 1684 1823 1715 scribi-

172 1748 255 1775 mus,
288 1738 393 1768 nuncii
418 1738 530 1775 nostri,
560 1748 639 1778 quos
663 1737 703 1768 ad
728 1748 782 1768 eas
806 1742 914 1778 partes
945 1737 985 1768 de
1015 1738 1190 1768 intentione
1220 1740 1327 1767 nostra
1358 1736 1481 1776 plenius
1513 1737 1700 1766 informatos
1725 1735 1823 1766 desti-

172 1799 247 1819 nare
272 1788 475 1822 intendimus,
501 1788 581 1830 tibli]
608 1789 731 1830 plcnius
756 1789 953 1820 reserabunt.

280 1839 353 1870 Dat.
379 1844 412 1871 ut
436 1841 561 1881 supra&

130 1961 155 1981 ³⁰
527 1954 613 1989 813.
654 1954 806 1988 Litterae
833 1955 879 1987 ad
907 1955 1045 1989 (waldem
1075 1954 1217 1988 alterae.
1324 1953 1391 1987 Iul.
1413 1953 1467 1986 31.

285 2028 384 2068 Copia
419 2029 470 2066 (gc.)
508 2027 616 2058 ibidrm
647 2030 717 2057 toni.
744 2027 839 2057 1151!
867 2027 921 2065 foL
940 2029 1000 2058 170
1030 2038 1078 2058 ur.
1097 2027 1189 2058 1962).
1243 2026 1437 2057 Coutzcle‘mns
1461 2035 1525 2055 nos.
1556 2042 1595 2046 —
1626 2022 1826 2054 EzLRiezler

172 2078 191 2109 l.
209 2089 280 2118 ap.
297 2079 359 2109 475
383 2089 431 2109 nr.
451 2079 534 2109 1367
557 2089 595 2109 ea>
618 2089 645 2110 c.

281 2156 393 2186 ottoni
417 2155 489 2186 duci
515 2156 654 2186 Austrie.

281 2207 330 2238 De
356 2211 409 2238 tua
434 2207 477 2237 fili
502 2208 657 2238 memoria
682 2218 744 2237 non
769 2207 928 2238 credimus
953 2206 1122 2246 excidisse,
1148 2206 1258 2248 [quod]
1284 2210 1349 2236 tam
1367 2208 1513 2245 prompte
1532 2214 1627 2244 quam
1652 2202 1825 2233 efficaciter

131 2268 155 2286 ³5
176 2259 338 2300 obsequiis
353 2262 461 2289 sancte
479 2259 590 2289 matris
607 2259 742 2290 ecclesie
761 2263 790 2289 te
808 2258 899 2289 nobis
923 2268 980 2299 per
996 2262 1067 2288 tuas
1083 2258 1196 2288 nudius
1214 2258 1331 2288 tercius
1348 2255 1490 2287 litteras2
1507 2254 1660 2286 obtulisti.
1694 2254 1734 2284 Et
1750 2254 1824 2284 licet

175 2310 281 2351 angeli
304 2310 439 2341 sathane
464 2320 526 2340 non
551 2310 721 2349 defuerint,
747 2311 800 2351 qui
826 2314 856 2340 te
880 2310 988 2341 multis
1012 2309 1100 2340 falsis
1117 2308 1373 2350 suggestionibus
1398 2319 1416 2338 a
1441 2311 1504 2338 tam
1523 2305 1675 2337 laudabili
1699 2305 1825 2336 labora-

175 2363 277 2392 verint
293 2362 512 2402 multipliciter
528 2372 680 2393 revocare
698 2362 861 2402 proposito
880 2365 976 2402 teque
1000 2361 1083 2391 illius
1107 2361 1254 2402 gehenne
1279 2360 1335 2390 filii
1353 2364 1384 2389 et
1401 2357 1636 2389 maledictionis
1653 2357 1824 2397 alumpni⁵,

175 2413 228 2453 qui
252 2413 311 2443 sibi
335 2423 451 2444 nomen
475 2412 603 2453 indigne
636 2414 729 2443 nimis
753 2413 955 2453 imperatoris
980 2413 1135 2453 presumit
1164 2421 1341 2445 assumere,
1372 2410 1501 2440 adicere
1530 2409 1688 2442 servituti.
1718 2407 1823 2438 divina

174 2468 282 2495 tamen
311 2468 345 2495 ut
369 2465 508 2495 letanter
531 2464 678 2496 audimus
703 2465 759 2496 tibi
783 2466 953 2496 assistente
979 2464 1127 2501 dextera,
1156 2464 1270 2504 spretis
1298 2462 1414 2493 insanis
1438 2471 1549 2492 eorum
1573 2459 1771 2491 suasionibus
1794 2460 1824 2488 in

131 2523 158 2541 40
177 2518 230 2546 tuo
264 2516 366 2556 primo
403 2516 566 2556 proposito
605 2516 737 2547 solidius
771 2517 947 2557 perstitisti.
1020 2514 1148 2546 Gratias
1185 2515 1303 2555 igitur-³
1344 2516 1465 2544 tantam
1503 2511 1650 2552 largienti
1688 2510 1823 2551 gratiam

176 2566 290 2597 uberes
319 2566 496 2598 referentes
520 2570 671 2608 tuamque
701 2568 915 2598 constanciam
945 2567 1058 2597 merito
1089 2566 1259 2606 plurimum
1288 2564 1549 2596 commendantes
1577 2563 1608 2592 in
1631 2562 1767 2591 Domino
1793 2563 1823 2590 ct

279 2650 344 2676 812.
372 2654 395 2683 ²)
417 2653 581 2678 Wrowimeld
600 2662 619 2677 c.
709 2652 732 2681 b)
753 2657 850 2677 nostros
870 2661 890 2676 c.

278 2702 343 2729 813.
374 2705 398 2732 ³)
417 2705 463 2728 tibi
482 2704 543 2728 add.
557 2713 576 2728 c.

277 2763 303 2793 1)
324 2762 405 2793 Infra
425 2771 466 2788 nr.
480 2766 537 2789 814.
616 2763 641 2793 Ξ)
662 2762 750 2794 Supra
772 2770 811 2786 nr.
829 2764 884 2786 797.
963 2762 988 2792 3)
1008 2761 1090 2791 Infra
1110 2769 1151 2786 nr.
1165 2764 1222 2787 313.
1305 2761 1331 2789 4)
1351 2759 1412 2784 Scis.
1436 2766 1474 2783 nr.
1490 2760 1542 2782 511⁴
1623 2756 1648 2785 5)
1670 2753 1710 2784 Cf·
1724 2752 1822 2779 *Μ”ἶῖἶῑ-

128 2808 157 2826 45
175 2806 213 2835 23,
230 2808 258 2830 15
277 2807 301 2830 et
319 2808 342 2830 2.
357 2805 424 2831 Peir.
439 2809 460 2835 2,
478 2810 512 2831 14.
