2205 3025
314 105 374 132 310
583 97 677 123 ACTA
699 95 811 121 REGNI
832 94 1014 120 LUDEWICI
1033 93 1078 119 IV.
1098 92 1144 118 ET
1165 92 1347 125 FRIDERICI
1368 92 1416 117 ΙΙΙ.
1454 92 1528 117 1328.
1565 91 1614 117 Nr.
1628 92 1686 118 408.

311 186 454 226 predicto
480 183 642 213 liudovico
667 182 706 212 ad
732 181 881 211 Pisanam
907 179 1067 210 civitatem
1096 180 1229 209 venerat
1258 181 1289 208 et
1316 178 1359 208 ibi
1391 188 1460 208 cmn
1490 177 1574 208 dicto
1599 177 1762 207 Ludovico
1795 176 1898 207 fuerat
1925 180 1957 207 ct

312 237 350 266 de
376 236 503 265 civitate
527 234 645 263 Pisana
669 234 846 263 recesserat
869 241 939 261 cum
965 229 1090 260 eodem.

418 286 520 325 Super
548 283 686 314 secundo
716 283 847 313 articulo
880 281 1050 321 diligenter
1077 281 1291 320 interrogatus
1322 279 1487 320 respondit
1514 282 1548 310 ut
1576 279 1662 320 prius
1693 288 1726 308 se
1757 279 1853 309 nichil
1876 279 1956 309 seire

311 338 368 367 nisi
393 337 478 377 quod
503 335 670 365 audiverat
694 335 724 364 111
749 334 876 364 civitate
893 332 1020 367 Pisana,
1046 331 1130 372 quod
1156 330 1258 360 dietus
1283 330 1452 371 episcopus
1477 341 1547 361 cum
1572 329 1716 370 predicto
1734 329 1897 359 Ludovico
1917 329 1956 359 dc

311 388 392 418 Pisis
417 390 592 417 recesserat
617 390 648 416 et
672 396 741 415 eum
766 395 804 414 eo
829 388 861 414 et
885 384 915 413 in
941 383 1008 413 eius
1033 383 1182 413 comitiva
1206 382 1308 412 iverat
1331 392 1440 412 versus
1464 381 1596 412 Urbem.

419 438 521 478 Super
544 437 641 468 tercio
667 436 799 466 articulo
824 435 995 475 diligenter
1024 434 1239 473 interrogatus
1268 433 1361 467 dixin
1395 433 1479 474 quod
1509 434 1540 463 in
1569 433 1620 463 die
1650 433 1863 463 coronationis
1886 442 1958 472 pre-

312 490 393 520 dicte
419 490 507 519 testis
531 489 598 528 ipse
624 488 682 517 fuit
706 497 836 527 presens
860 487 890 516 in
914 485 1040 526 prefata
1064 485 1199 516 ecelesia
1223 485 1323 514 sancti
1347 484 1436 514 Petri
1462 488 1492 515 et
1516 484 1596 514 vidit
1619 484 1737 514 dictum
1760 482 1959 513 Ludovicum

311 543 480 572 intrantem
505 540 674 570 eeclesiam
700 549 756 579 pro
781 537 966 578 recipienda
991 547 1106 567 corona
1136 540 1167 567 et
1196 537 1264 577 ipso
1288 536 1453 566 Ludovico
1482 537 1513 566 in
1543 535 1678 566 ecclesia
1702 536 1858 566 existente
1882 534 1962 564 vidit

311 594 378 633 ipse
403 593 492 622 testis
517 591 675 631 quendam
701 589 821 619 ibidem
847 590 976 619 missam
1001 588 1128 628 publice
1154 588 1370 618 celebrantem
1395 591 1427 618 et
1452 587 1618 618 dicebatur
1645 587 1771 628 publice
1797 590 1828 617 et
1852 596 1959 616 comu-

312 645 400 679 niter,
426 643 510 683 11111111
536 642 588 672 ille
613 642 742 671 missam
767 640 932 671 celebrans
957 644 1026 670 erat
1050 641 1218 680 episcopus
1243 639 1453 676 Castellanus,
1478 640 1545 679 ipse
1571 642 1678 669 tamen
1704 639 1792 669 testis
1816 649 1878 669 non
1902 648 1959 678 po-

312 696 369 725 tuit
399 694 578 728 dicernere,
609 694 633 723 si
663 693 692 723 in
718 693 853 723 veritate
878 691 930 722 ille
957 691 1010 732 qui
1039 691 1227 721 celebrabat
1254 694 1324 721 erat
1354 690 1523 730 episcopus
1547 689 1763 726 Castellanus,
1793 693 1857 720 tum
1888 691 1962 731 quia

311 746 443 776 multum
473 745 512 775 ab
541 745 632 774 altari
663 744 730 784 ipsc
762 743 851 774 testis
879 742 1017 772 distabat
1048 753 1106 772 nec
1139 742 1395 782 appropinquare
1421 741 1575 780 audebat,
1607 742 1721 772 timens
1745 752 1881 782 persone
1906 752 1961 772 sue

312 797 498 838 periculum,
523 797 547 825 si
566 797 711 836 cognitus
729 795 897 831 extitisset,
916 798 981 824 tum
1000 797 1032 824 et
1049 794 1122 834 quia
1139 794 1284 823 notitiam
1302 803 1438 833 persone
1456 793 1554 833 ipsius
1572 793 1713 833 episcopi
1731 803 1791 823 non
1810 793 1961 824 habebat.

419 847 522 888 Super
547 850 660 887 quarto
685 847 817 876 articulo
844 845 1015 886 diligenter
1038 846 1252 886 interrogatus
1277 845 1370 881 dixit,
1402 844 1487 884 quod
1516 844 1555 874 de
1584 844 1735 884 predictis
1764 848 1811 875 est
1836 845 1963 885 publica

312 910 373 929 vox
399 903 430 930 ct
454 900 539 929 fama
563 899 594 928 in
618 899 718 937 Urbe,
743 898 772 927 in
797 897 984 937 Campania,
1009 897 1091 927 Pisis
1116 900 1147 927 et
1170 898 1228 937 per
1251 899 1351 926 totam
1376 895 1462 926 illam
1488 898 1673 926 eontretam.

423 974 451 1001 4.
489 971 640 1011 Ciquinus
665 970 826 1011 quondam
853 969 971 1000 domini
989 969 1152 1000 Gnillelmi
1177 969 1216 1000 de
1234 969 1410 999 Advocatis
1435 969 1474 999 de
1498 969 1587 999 Luca
1611 969 1700 1000 testis
1724 970 1843 999 iuratus
1868 979 1963 1010 super

314 1023 469 1053 contentis
494 1023 523 1052 in
548 1022 699 1062 predictis
723 1021 864 1051 articulis
894 1031 1017 1051 meram
1042 1024 1073 1050 et
1098 1031 1209 1061 puram
1235 1021 1341 1051 dicere
1366 1021 1550 1059 veritatem,
1579 1031 1675 1061 super
1702 1021 1804 1061 primo
1829 1021 1962 1051 articulo

314 1075 527 1115 intel·1·‹3›gatus
545 1074 634 1109 dixit,
661 1072 745 1113 quod
763 1073 843 1102 sicut
860 1072 1022 1102 referebat
1047 1073 1134 1102 fama
1158 1072 1287 1112 publica
1304 1076 1448 1112 tempore
1474 1083 1536 1113 quo
1561 1073 1629 1112 ipse
1655 1073 1708 1113 qui
1731 1072 1871 1112 loquitur
1896 1076 1963 1102 erat

314 1125 408 1161 Pisis,
441 1125 542 1155 dictus
572 1124 716 1154 dominus
741 1123 877 1153 Iacobus
906 1124 1075 1163 episcopus
1105 1123 1306 1154 Castellanus
1334 1125 1420 1154 venit
1450 1124 1488 1154 (le
1519 1124 1647 1154 civitate
1678 1123 1809 1163 Pisana,
1841 1124 1871 1153 in
1901 1134 1964 1164 qua

314 1186 437 1206 moram
465 1180 607 1206 traxerat
636 1186 692 1216 per
723 1176 830 1215 aliqua
863 1179 1023 1215 tempora,
1057 1175 1097 1205 ad
1130 1175 1283 1205 diocesim
1312 1175 1495 1205 Lunensem
1526 1178 1557 1205 et
1590 1175 1665 1206 licet
1692 1176 1723 1205 in
1752 1185 1879 1205 recessu
1907 1185 1962 1205 suo

315 1228 457 1260 dixisset,
483 1227 565 1267 quod
592 1227 631 1257 ad
656 1226 835 1256 Romanam
861 1227 979 1256 curiam
1004 1226 1163 1260 veniebat,
1189 1230 1330 1256 attamen
1355 1227 1385 1256 in
1411 1227 1496 1256 dicta
1521 1226 1640 1257 diocesi
1660 1226 1838 1267 predictum
1856 1226 1964 1256 Ludo-

314 1280 418 1309 vieum
444 1279 483 1309 de
508 1278 644 1308 Bavaria
669 1278 851 1318 expectavit
876 1282 907 1307 et
931 1281 1002 1317 post
1026 1277 1198 1308 adventum
1224 1277 1367 1307 eiusdem
1386 1278 1540 1308 Ludovici
1564 1279 1665 1318 ipsum
1684 1278 1883 1308 Ludovicum
1908 1277 1966 1307 fuit

316 1334 443 1361 secutus
466 1341 565 1370 usque
591 1329 631 1359 ad
656 1330 817 1359 civitatem
840 1329 990 1359 Pisanam
1015 1332 1047 1359 et
1070 1328 1190 1359 ibidem
1216 1330 1245 1358 in
1272 1330 1450 1359 excercitu⁰
1475 1333 1507 1359 ct
1530 1330 1561 1359 in
1586 1330 1752 1360 obsidione
1777 1329 1860 1359 dicte
1890 1329 1965 1359 civi-

317 1383 389 1413 tatis
414 1382 471 1412 fuit
495 1382 643 1411 continue
668 1391 738 1411 cum
764 1380 890 1413 eodenn
915 1380 973 1409 sibi
999 1379 1183 1410 adherendo
1209 1383 1241 1410 et
1265 1380 1452 1410 assistendo.
1488 1380 1529 1410 Et
1552 1381 1620 1420 ipse
1646 1381 1735 1411 testis
1758 1381 1837 1411 vidit
1862 1382 1965 1420 ipsum

317 1435 502 1474 511150111111111
527 1433 557 1462 111
575 1432 735 1462 excercitu
761 1432 827 1472 ipso
853 1435 884 1461 et
908 1441 979 1461 eum
995 1431 1177 1461 Ludovicus
1198 1431 1346 1461 intrasset
1370 1432 1530 1462 civitatem
1556 1432 1742 1472 predictam,
1768 1433 1798 1462 in
1817 1432 1867 1462 die
1886 1442 1963 1472 qua-
1984 1445 1994 1461 ⁴..

317 1485 389 1515 dam
399 1485 407 1502 f
422 1483 595 1514 inmediate
613 1483 759 1523 50111101111
777 1482 855 1512 vidit
879 1483 1037 1523 prefatum
1063 1483 1249 1522 episcopum
1274 1483 1474 1513 incedentem
1493 1483 1620 1523 publice
1638 1494 1695 1523 per
1712 1483 1873 1513 civitatem
1892 1494 1964 1524 pre-

317 1536 444 1566 dictam.
492 1535 580 1565 Dixit
608 1535 704 1564 etiam
735 1534 819 1574 qued
850 1534 977 1573 publice
1010 1533 1189 1571 dicebatur,
1222 1534 1307 1574 quod
1341 1534 1442 1564 (111-1115
1474 1535 1643 1574 episcopus
1672 1536 1803 1565 recessit
1831 1546 1849 1565 a
1881 1535 1965 1565 dicta

317 1587 444 1617 civitate
469 1585 587 1615 Pisana
611 1595 719 1615 versus
743 1585 878 1615 Romam
904 1595 974 1614 cum
999 1585 1162 1615 Ludovico
1188 1585 1340 1625 predicto.
1379 1585 1420 1615 Et
1444 1586 1587 1625 predicta
1614 1586 1694 1616 dixit
1718 1596 1787 1616 esse
1813 1590 1844 1617 et
1868 1587 1964 1617 fuisse

317 1637 440 1667 notoria
464 1638 494 1667 in
519 1637 646 1667 civitate
672 1636 789 1665 Pisana
815 1640 846 1665 01
869 1636 946 1665 locis
970 1637 1208 1666 circumvicinis.

426 1687 528 1728 Super
552 1687 621 1717 aliis
647 1687 786 1717 articulis
811 1688 1025 1727 iuterrogatus
1049 1687 1129 1717 dixit
1147 1700 1185 1716 -se
1212 1688 1306 1717 nichil
1331 1689 1410 1718 seire
1435 1689 1491 1718 nisi
1523 1699 1580 1728 per
1604 1689 1736 1720 famam.
1766 1699 1860 1729 quam
1887 1689 1966 1719 dixit

318 1750 387 1770 esse
413 1739 452 1769 de
477 1739 632 1769 contentis
657 1739 686 1768 111
711 1739 786 1778 ipsis
811 1739 951 1768 articulis
975 1739 1006 1768 in
1031 1739 1159 1769 civitate
1183 1738 1310 1769 Pisana.

425 1815 453 1841 ἶ).
489 1812 689 1842 Belmincasa
714 1813 790 1842 civis
807 1812 942 1842 Pisanus
966 1813 1055 1842 testis
1079 1813 1199 1842 iuratus
1223 1823 1343 1843 meram
1371 1817 1402 1843 et
1424 1824 1535 1853 puram
1556 1813 1660 1843 dicere
1677 1813 1845 1843 veritatem
1871 1823 1966 1853 super

318 1863 474 1893 contentis
505 1863 534 1892 in
564 1864 770 1903 perventione
804 1867 834 1894 et
863 1864 1003 1893 articulis
1032 1864 1236 1904 supradictis,
1268 1865 1370 1904 primo
1400 1875 1495 1905 super
1529 1865 1630 1904 primo
1659 1864 1791 1894 articulo
1822 1864 1902 1894 dixit
1932 1875 1965 1895 se

318 1914 476 1944 audivisse
502 1914 561 1943 dici
587 1915 713 1954 publice
739 1918 770 1944 et
795 1915 979 1945 comuniter.
1005 1915 1089 1954 quod
1114 1915 1208 1954 paulo
1235 1919 1406 1956 antequam
1432 1915 1533 1946 dictus
1557 1915 1738 1946 Ludovicus
1763 1915 1802 1945 de
1827 1915 1965 1945 Bavaria

318 1966 441 1996 veniret
471 1966 511 1995 ad
542 1967 703 1996 civitatem
736 1965 927 2006 predictam,
959 1967 1100 2006 prefatus
1133 1967 1301 2007 episcopus
1329 1967 1530 1997 Castellanus
1560 1967 1683 2007 fingens
1713 1977 1746 1996 se
1776 1966 1816 1996 ad
1847 1967 1965 1997 curiam

318 2017 496 2047 Romanam
521 2018 639 2052 venire,
665 2018 762 2047 exivit
787 2017 825 2047 de
849 2017 941 2052 Pisisq
966 2018 1019 2047 ubi
1045 2018 1150 2058 aliquo
1176 2022 1319 2058 tempore
1345 2018 1450 2049 fuerat
1474 2021 1697 2054 commoratus
1722 2021 1754 2048 et
1778 2018 1833 2047 ivit
1857 2019 1886 2047 in
1912 2028 1964 2048 oc-

319 2078 443 2098 cursum
469 2068 552 2097 ‹licto
570 2068 734 2098 Ludovico
760 2072 791 2099 et
815 2079 885 2098 eum
911 2079 948 2098 eo
973 2070 1059 2099 venit
1083 2069 1123 2099 ad
1149 2069 1347 2099 obsidionem
1374 2071 1510 2100 civitatis
1527 2069 1671 2110 predicte
1697 2072 1728 2099 et
1752 2069 1810 2099 fuit
1834 2069 1965 2099 ibicum

318 2120 401 2159 ipso,
432 2130 595 2159 usquequo
621 2119 723 2149 dictus
748 2119 927 2150 Ludovicus
956 2121 1084 2150 intravit
1107 2121 1267 2151 civitatem
1293 2122 1442 2151 Pisanam
1469 2121 1656 2161 predictam,
1685 2124 1716 2151 et
1744 2120 1795 2151 die
1825 2131 1888 2160 qua
1918 2120 1964 2150 in-

319 2171 412 2200 travit
437 2170 537 2200 dictus
562 2170 742 2200 Ludovicus
766 2171 870 2203 Pisas.
904 2171 1005 2201 dictus
1036 2163 1204 2211 episcopus
1236 2172 1303 2212 ipso
1336 2176 1416 2203 teste
1448 2172 1577 2202 vidente
1606 2173 1734 2203 intravit
1764 2182 1834 2201 cuin
1864 2181 1902 2201 eo
1935 2175 1967 2201 et

319 2221 439 2252 audivit
464 2221 539 2253 11101.
568 2222 651 2262 quod
678 2222 719 2251 ibi
745 2222 804 2252 fuit
828 2223 975 2252 continue
1001 2233 1070 2252 011111
1096 2222 1210 2253 eodem
1236 2223 1413 2253 assistendo
1440 2227 1470 2253 et
1495 2223 1680 2253 adherendo
1706 2222 1809 2252 eidem
1839 2226 1870 2252 et
1895 2232 1965 2252 cum

319 2274 387 2313 ipso
412 2274 507 2303 etiam
533 2274 663 2303 recessit
688 2284 797 2303 versus
821 2273 967 2303 Romam.
999 2273 1039 2303 Et
1064 2274 1102 2303 de
1128 2274 1187 2304 hoc
1213 2278 1261 2304 est
1284 2275 1369 2304 fama
1388 2275 1514 2315 publica
1531 2276 1560 2304 in
1586 2274 1728 2314 partibus
1752 2273 1812 2304 illis
1837 2277 1868 2303 et
1893 2283 1964 2313 pre-

321 2324 404 2354 dicta
429 2324 503 2353 dicit
529 2334 597 2353 esse
624 2325 747 2354 notoria
772 2325 801 2354 in
825 2324 908 2354 Pisis
933 2329 963 2354 et
988 2325 1065 2355 locis
1090 2326 1333 2357 circumvicinis.

427 2374 528 2414 Super
553 2375 622 2405 aliis
647 2376 786 2405 articulis
811 2375 890 2405 dixit
919 2387 951 2406 se
982 2377 1076 2406 nichil
1105 2378 1184 2407 seire
1213 2378 1272 2407 nisi
1304 2377 1342 2408 de
1374 2377 1474 2409 fama.
1508 2388 1603 2418 quam
1635 2377 1715 2407 dixit
1747 2386 1817 2406 esse
1846 2377 1876 2406 in
1906 2375 1967 2405 illis

320 2426 462 2466 partibus
487 2426 526 2456 dc
552 2426 610 2455 hiis
635 2437 695 2466 11111·
721 2428 750 2456 111
776 2427 850 2466 ipsis
875 2427 1014 2457 articulis
1039 2429 1247 2458 eontinentur.
1292 2428 1332 2459 Et
1356 2429 1578 2459 nichilomiims
1602 2428 1671 2468 ipsa
1695 2437 1765 2458 esse
1788 2427 1909 2457 notoria
1936 2427 1966 2456 in

321 2477 463 2517 partibus
488 2477 547 2507 illis
572 2478 681 2507 credit.

428 2552 456 2579 (ἱ.
494 2550 657 2580 Vivandus
683 2551 721 2580 de
739 2551 907 2580 Ameliano
933 2551 1021 2580 testis
1047 2552 1165 2581 iuratus
1189 2552 1295 2582 dicere
1320 2552 1487 2582 veritatem
1512 2562 1608 2592 super
1632 2551 1730 2581 tercio
1755 2550 1844 2580 titulo
1870 2550 1966 2579 inter-

320 2604 450 2641 rogatus
479 2601 571 2632 dixit.
605 2602 689 2642 11111111
719 2602 769 2632 die
798 2606 829 2631 et
858 2602 949 2634 hora,
983 2602 1095 2642 quibus
1126 2603 1227 2633 dictus
1251 2603 1431 2633 Ludovicns
1460 2603 1517 2633 fnit
1546 2603 1576 2632 111
1602 2602 1687 2633 Urbe
1717 2606 1749 2632 et
1777 2602 1806 2631 in
1832 2601 1968 2631 ecclesia

424 2698 489 2725 40⁸.
520 2704 541 2723 (“1
562 2701 597 2725 ita
616 2710 711 2731 semper
732 2710 767 2724 or.
856 2699 877 2731 s)
897 2701 1007 2731 seqnilzts'
1027 2702 1065 2725 die
1085 2711 1121 2725 or.

1981 649 2004 668 10

1983 907 2007 924 15

1983 1184 2009 1202 20

1985 1701 2011 1719 30

1985 1976 2010 1995 35

1985 2234 2012 2253 40

1986 2489 2010 2508 45
