2205 3025
170 696 195 715 10

170 953 192 971 1⁵

169 1309 194 1328 20

171 1854 195 1873 30

173 2366 198 2383 40

174 2620 199 2638 41>

613 139 709 166 ACTA
729 138 842 164 REGNI
860 137 1044 164 LUDEWICI
1063 137 1109 163 IV.
1146 136 1221 163 1330.
1258 136 1306 162 Nr.
1320 135 1378 162 685.
1398 135 1455 162 686.
1800 137 1860 167 585

211 227 424 258 anullavimus
448 229 481 258 et
503 226 696 256 irritavimus
720 229 752 255 et
768 235 848 255 nunc
872 235 913 255 ex
930 222 1223 264 superhabundanti
1240 232 1411 261 cassamuS,
1436 222 1614 252 anullamus
1639 224 1670 252 et
1690 221 1861 262 irritamus,

215 278 341 309 etiamsi
370 280 443 318 post
473 277 575 307 dictos
606 287 774 317 processus
804 276 911 316 aliqua
941 275 1017 306 talia
1048 275 1165 306 fuerint
1193 277 1399 314 attemptata,
1439 273 1618 303 iuramenta
1652 272 1862 304 dissolventes

213 328 396 360 huiusmodi
420 331 452 359 et
475 338 575 369 penas
600 338 710 358 omnes
734 332 766 358 et
789 327 929 368 singulas
953 337 1048 367 super
1071 326 1222 368 predictis
1246 325 1296 356 vel
1321 335 1359 355 ea
1382 324 1588 364 tangentibus
1616 323 1758 355 adiectas
1783 335 1861 366 quo-

212 380 391 412 modolibet
414 379 597 410 relaxantes
622 379 661 410 de
685 378 884 420 plenitudine
908 379 1086 419 potestatis.

319 434 348 462 5.
381 431 538 462 Volumus
558 434 665 462 autem
687 431 877 461 auctoritate
897 429 1074 470 apostolica
1094 429 1318 460 nichilominus
1343 427 1562 465 decernentes,
1587 428 1672 467 quod
1696 437 1863 468 processus

211 486 321 515 noster
343 482 525 514 huiusmodi
550 482 710 523 prefatum
733 482 933 512 Ludovicum
963 484 994 512 et
1023 481 1103 511 alios
1127 490 1206 521 quos
1229 483 1362 520 tangere.
1388 479 1562 509 dinoscitur
1585 478 1807 520 apprehendat
1831 482 1863 510 et

210 538 302 574 artet,
327 535 392 565 acsi
416 534 537 564 eisdem
562 534 774 574 personaliter
797 538 830 564 et
846 532 1050 573 singulariter
1072 531 1252 572 publicatus
1277 534 1308 561 et
1324 531 1487 560 intimatus
1503 530 1677 561 solenniter
1694 531 1862 570 extitisset,

211 585 436 616 constitutione
461 595 662 626 quacumque
687 585 846 615 contraria
868 594 926 624 per
950 583 1196 624 predecessores
1214 586 1339 613 nostros
1355 581 1547 621 Romanos)
1568 582 1758 622 pon(tifices)
1777 581 1863 612 edita

211 647 274 667 non
299 637 456 667 obstante.
509 635 553 666 Ut
577 640 684 667 autem
713 646 880 676 processus
908 638 1017 665 noster
1040 634 1221 665 huiusmodi
1250 638 1282 664 et
1306 634 1412 664 onmia
1442 633 1473 663 in
1498 633 1611 664 eodem
1642 636 1792 664 contenta
1822 634 1863 664 ad

215 687 358 719 eiusdem
381 687 563 727 L(udovici)
593 691 624 718 et
647 688 782 718 aliorum
807 697 941 727 quorum
965 687 1098 716 interest
1121 696 1322 716 communem
1347 685 1497 715 noticiam
1523 684 1736 724 deducantur,
1761 689 1864 716 cartas

212 740 278 770 sive
308 738 511 770 membranas
538 749 722 779 processum
754 739 951 769 continentes
983 737 1120 768 eundem
1148 737 1179 767 in
1210 737 1344 767 ecclesie
1368 736 1620 776 Avinion(ensis)
1650 735 1790 777 appendi
1814 736 1864 766 vel

212 791 300 832 affigi
325 792 412 821 ostiis
437 801 493 821 seu
516 789 812 831 superliminaribus
836 789 1003 827 faciemus,
1035 799 1096 830 que
1120 799 1305 829 processum
1328 788 1430 828 ipsum
1455 798 1511 818 suo
1537 788 1626 828 quasi
1651 798 1766 818 sonoro
1790 798 1863 828 pre-

213 843 304 873 conio
335 845 367 872 et
389 842 499 883 patulo
531 841 646 872 indicio
672 841 893 881 publicabunt,
926 845 961 871 ut
988 840 1074 871 idem
1104 840 1313 879 Ltudovicus)
1346 842 1378 870 et
1407 839 1461 869 alii
1493 849 1572 879 quos
1601 849 1767 879 processus
1795 840 1863 880 ipse

212 894 367 935 contingit
390 893 510 924 nullam
534 893 656 933 possint
680 893 919 923 excusationem
945 892 1146 932 pretendere,
1172 890 1257 932 quod
1281 890 1321 921 ad
1346 901 1401 921 eos
1425 901 1486 920 non
1504 890 1686 930 pervenerit
1702 889 1753 921 vel
1777 889 1864 931 quod

212 945 389 986 ignorarint
413 943 560 978 eundem,
591 954 661 974 cum
687 954 749 973 non
773 944 813 974 sit
835 944 1007 974 verisimile
1032 953 1199 974 remanere
1224 942 1330 983 Quoad
1354 943 1439 982 ipsos
1463 943 1659 983 incognitum
1684 942 1734 972 vel
1758 942 1863 973 occul-

212 1000 289 1035 tum,
314 995 398 1037 quod
424 998 488 1026 tam
513 998 661 1036 patenter
685 995 829 1025 omnibus
854 995 1043 1035 publicatur.

319 1047 394 1077 Dat.
418 1046 615 1087 Avinionte),
640 1046 696 1077 VI.
714 1045 785 1077 Kal.
811 1046 916 1086 Febr,
941 1056 1023 1076 anno
1047 1045 1157 1076 XIIII.

448 1179 534 1213 686.
564 1178 689 1212 Citatio
717 1177 884 1211 Iohannis·
912 1178 1041 1211 eoncitis
1069 1177 1109 1210 (Ie
1137 1176 1363 1210 Cho-amomo.
1474 1176 1550 1209 [rme.
1570 1176 1632 1210 27.

323 1249 421 1288 Copia
444 1248 557 1279 ibidem
580 1247 633 1285 fol.
651 1248 702 1277 83.
749 1247 825 1277 Item
850 1246 1046 1277 contulimus.
1100 1245 1159 1275 Est
1183 1245 1327 1275 rubrum:
1356 1244 1531 1275 Processus
1556 1246 1666 1275 contra
1689 1243 1865 1275 Iohannem

213 1301 252 1333 de
276 1301 492 1333 Claromonte.

324 1357 372 1394 Cf.
397 1357 485 1393 z‘nfra
508 1355 553 1385 ad
574 1365 604 1385 (ι.
622 1356 714 1384 1331.
740 1353 813 1384 Ian.
832 1355 860 1383 4.

319 1434 479 1465 Iohannes
503 1433 672 1473 episcopus
696 1442 806 1461 servus
830 1441 995 1461 servorum
1019 1430 1089 1460 Dei.
1180 1430 1231 1460 Ad
1256 1433 1445 1469 perpetuam
1472 1428 1516 1458 rei
1542 1428 1740 1457 memoriam.

322 1489 347 1518 1.
381 1485 503 1516 Crescit
525 1484 619 1514 facile
644 1484 674 1513 in
692 1484 881 1513 immensum
906 1483 1061 1523 impunita
1086 1482 1250 1512 temeritas
1274 1484 1304 1511 et
1327 1480 1381 1510 ubi
1405 1479 1597 1520 presidentis
1614 1479 1787 1509 auctoritas
1812 1490 1866 1509 ex-

213 1537 395 1569 cedentium
419 1537 528 1576 culpas
552 1546 614 1565 non
639 1536 782 1575 corrigit,
811 1545 882 1565 cum
906 1533 1043 1574 quadani
1073 1533 1221 1563 libertate
1252 1533 1283 1562 in
1312 1532 1473 1562 deteriora
1504 1541 1565 1560 non
1594 1530 1660 1559 sine
1692 1531 1865 1570 pernitioso

171 1598 182 1616 2
216 1589 365 1629 exemplo
401 1587 576 1628 prolabitur
608 1587 661 1627 qui
694 1586 836 1627 deliquit.
906 1585 989 1615 Sane
1028 1584 1147 1615 dudum
1179 1584 1332 1614 adversus
1360 1583 1586 1621 L(udovicunl)
1623 1581 1697 1611 olim
1729 1581 1866 1612 Bavarie

213 1640 327 1671 ducem
353 1643 383 1670 et
409 1638 597 1669 discorditer
619 1639 651 1668 in
675 1648 785 1678 regem
807 1637 1051 1667 Ronmnsorunn
1077 1636 1157 1666 sicut
1181 1635 1347 1665 dicebatur
1371 1635 1507 1664 electum
1533 1633 1676 1663 diversos
1700 1643 1867 1673 processus

214 1691 254 1722 de
279 1691 410 1721 fratrum
429 1693 608 1721 nostrorum
633 1689 763 1719 consilio
789 1696 937 1729 presente
962 1686 1164 1717 multitudine
1189 1687 1319 1726 copiosa
1343 1685 1485 1715 fidelium
1502 1684 1680 1714 habuimus.
1706 1694 1763 1723 per
1788 1694 1867 1723 quos

213 1742 299 1773 idem
323 1742 532 1781 L(udovicus)
564 1744 694 1782 propter
723 1739 883 1769 horrenda
912 1738 1044 1768 crimina
1073 1741 1104 1768 et
1133 1736 1341 1767 detestandos
1372 1746 1523 1766 excessus
1551 1735 1649 1775 ipsius
1677 1736 1779 1774 primo
1809 1745 1866 1765 ex-

214 1793 510 1824 communicationis
533 1792 702 1822 innodatus
725 1790 889 1821 sententiis
913 1799 950 1820 ac
975 1789 1091 1819 deinde
1116 1789 1179 1818 suis
1203 1789 1304 1828 culpis
1328 1786 1586 1818 excrescentibus
1610 1796 1647 1816 ac
1665 1787 1867 1816 contumatiis

215 1849 247 1875 et
270 1844 495 1875 inobedientiis
519 1843 710 1874 continuatis
735 1845 766 1871 et
790 1842 891 1872 auctis
915 1842 996 1873 iure,
1027 1841 1052 1870 si
1081 1839 1167 1881 quod
1197 1850 1236 1870 ex
1261 1839 1418 1870 electione
1444 1837 1588 1878 predicta
1612 1836 1672 1867 sibi
1697 1837 1802 1867 forsan
1826 1836 1868 1867 ad

214 1906 348 1937 regnum
372 1895 552 1926 Romanum
576 1894 627 1925 vel
650 1894 820 1934 imperium
845 1892 1035 1932 acquisitum
1060 1892 1176 1931 fuerat,
1206 1895 1237 1921 et
1261 1891 1495 1930 subsequenter
1523 1888 1640 1918 ducatu
1664 1888 1800 1918 Bavarie
1830 1897 1867 1918 ac

215 1947 360 1978 omnibus
384 1946 558 1987 privilegiis
582 1945 765 1986 apostolicis
790 1948 821 1974 et
845 1943 1063 1983 imperialibus
1087 1953 1209 1973 necnon
1226 1942 1329 1972 feudis
1353 1945 1385 1972 et
1408 1941 1500 1971 bonis
1517 1940 1779 1981 quibuscumque,
1805 1949 1866 1980 que

215 2011 233 2030 a
256 1999 403 2030 Romana
420 1997 471 2028 vel
495 1997 657 2038 quibusvis
681 1996 750 2026 aliis
773 1995 917 2026 ecclesiis
941 2005 997 2025 seu
1020 1995 1154 2034 imperio
1180 1992 1421 2034 quomodolibet
1445 1991 1619 2029 obtinebat,
1644 1991 1786 2031 privatus
1810 2000 1867 2020 ex-

215 2051 287 2081 titit.
340 2049 381 2079 Et
411 2049 538 2079 demum
569 2048 642 2088 quia
672 2047 822 2077 hereticis
854 2049 885 2077 et
915 2045 1088 2076 rebellibus
1112 2045 1174 2075 Dei
1202 2048 1234 2076 et
1258 2045 1394 2075 ecclesie
1418 2044 1526 2073 favere
1557 2045 1589 2073 et
1619 2042 1776 2073 adherere
1805 2052 1867 2072 non

188 2111 197 2127 ¹»
218 2101 343 2132 erubuit
367 2100 450 2130 viros
475 2099 608 2130 ecclesie
632 2102 740 2129 sancte
765 2098 827 2128 Dei
850 2097 959 2127 hostes
984 2102 1015 2127 et
1038 2097 1197 2127 hereticos
1221 2097 1251 2126 in
1276 2106 1366 2126 suum
1391 2095 1584 2125 consortium
1609 2092 1811 2123 admittendo
1836 2095 1869 2123 et

217 2163 327 2184 eorum
351 2151 510 2192 perversis
534 2149 737 2191 dogmatibus
761 2148 947 2179 adherendo
976 2149 1078 2189 primo
1110 2148 1216 2178 fautor
1243 2148 1457 2178 hereticorum
1483 2145 1664 2176 declaratus
1693 2149 1725 2175 et
1754 2147 1867 2184 postea

216 2204 255 2235 de
276 2204 390 2243 heresi,
416 2212 478 2243 qua
498 2212 532 2232 se
550 2211 730 2242 respersum
751 2199 937 2242 [ostendit]a
960 2200 1130 2230 manifeste
1155 2203 1187 2230 et
1210 2199 1399 2235 convictum,
1426 2198 1483 2228 fuit
1506 2198 1588 2227 iusto
1606 2196 1721 2226 iudicio
1740 2198 1867 2226 senten-

216 2255 334 2286 tialiter
358 2257 390 2285 et
412 2253 539 2294 publice
565 2253 828 2292 condempnatUS,
853 2251 984 2282 diversis
1009 2252 1099 2292 penis
1122 2251 1192 2282 aliis
1216 2251 1247 2281 in
1272 2260 1344 2281 eum
1370 2253 1523 2290 tanquam
1541 2248 1717 2278 hereticum
1743 2250 1775 2276 et
1791 2247 1867 2277 scis-

215 2307 367 2337 maticum
391 2304 614 2336 manifestumh
639 2304 794 2334 inflictisl.

325 2359 352 2387 2.
388 2357 430 2387 Et
453 2357 527 2386 licet
551 2366 608 2396 per
630 2365 798 2395 processus
822 2350 953 2384 eosdem
978 2353 1018 2384 de
1043 2353 1199 2384 dictorum
1223 2352 1357 2384 fratrum
1383 2351 1514 2382 consilio
1540 2350 1666 2381 habitos
1698 2359 1808 2380 omnes
1837 2352 1868 2379 et

218 2409 358 2450 singulas
382 2408 541 2446 civitates,
573 2407 818 2437 communitates
843 2408 874 2435 et
898 2415 1050 2445 personas
1074 2405 1153 2435 alias
1178 2404 1354 2445 singulares
1379 2412 1608 2444 quascumque,
1641 2402 1867 2440 cuiuscumque

217 2460 407 2491 conditionis
431 2462 485 2489 aut
509 2462 609 2489 status
633 2458 820 2495 existerent,
851 2457 977 2487 etiamsi
1008 2455 1166 2497 imperiali
1190 2456 1240 2486 vel
1264 2456 1365 2496 regali
1394 2459 1448 2486 aut
1480 2454 1590 2495 quavis
1622 2453 1684 2483 alia
1713 2452 1867 2492 dignitate

217 2511 385 2552 fulgerent,
410 2511 627 2541 monuerimus
650 2509 777 2549 publice
803 2509 912 2549 eisque
937 2507 1144 2538 inhibendum
1169 2507 1340 2538 districtius
1365 2508 1394 2537 in
1412 2507 1527 2537 virtute
1552 2508 1660 2535 sancte
1686 2502 1867 2533 obedientie

217 2566 249 2593 et
272 2561 330 2592 sub
355 2561 693 2592 excommunicationis
715 2560 747 2589 in
770 2570 923 2600 personas
948 2562 980 2590 et
1003 2559 1162 2591 interdicti
1184 2561 1216 2590 in
1240 2562 1340 2590 terras
1358 2568 1479 2595 eorum,
1505 2567 1582 2597 quas
1607 2557 1691 2595 ipsos
1708 2555 1867 2583 incurrere

218 2613 375 2644 voluimus
399 2613 467 2652 ipso
493 2612 591 2651 facto,
616 2612 641 2641 si
665 2611 780 2641 nostris
808 2621 870 2641 non
900 2610 1068 2642 obedirent
1099 2610 1352 2650 inhibitionibus,
1383 2607 1610 2640 1n‹1›nitionib11s
1639 2609 1670 2636 et
1699 2602 1865 2637 mandatis,

322 2689 387 2716 686.
416 2690 438 2721 ³⁴)
458 2691 550 2715 excidit
568 2699 587 2715 c.
676 2689 700 2721 1’)
720 2690 756 2714 his
774 2690 895 2721 scriplum
914 2698 934 2714 c.

323 2750 348 2782 1)
371 2748 411 2781 Cf.
424 2756 510 2781 supra
528 2756 569 2774 nr.
583 2752 635 2773 575.

322 2808 359 2826 ιι.
374 2807 585 2826 coxsTlTUTloNEs
599 2807 633 2824 VI.
1628 2792 1660 2816 74
