2205 3025
599 151 695 179 ACTA
715 150 828 178 REGNI
848 150 1030 177 LUDEWICI
1050 151 1096 178 IV.
1135 151 1208 179 1330.
1246 152 1293 179 Nr.
1307 152 1364 179 697.
1378 152 1436 178 693.
1781 157 1841 186 595

301 239 571 270 Victoriosissimo
597 241 629 269 et
651 237 879 278 gloriosissimo
898 261 904 267 .
923 242 946 268 ,ἢ
969 237 1098 268 domino
1121 237 1341 269 Romanorum
1364 238 1551 279 imperatori
1639 239 1844 272 Hermannus

194 290 342 322 (lominus
370 291 401 321 in
428 290 586 321 Hoenfels
615 292 647 320 et
670 288 880 329 Kunegundis
906 299 988 319 uxor
1015 299 1073 319 sua
1103 289 1248 329 legitima
1360 299 1430 320 cum
1460 291 1545 320 omni
1574 290 1771 323 subiectione
1802 292 1844 323 ad

195 342 338 383 quelibet
362 342 430 373 eius
453 340 658 382 beneplacita
680 340 895 370 voluntarium
920 340 1119 370 famulatum.

299 393 380 425 Cum
404 393 633 424 monasterium
656 393 687 422 in
712 391 878 432 Ottirburg
903 391 1020 422 ordinis
1044 391 1299 432 Cystoereiensis)
1324 392 1467 433 Mogunt.
1486 392 1588 433 dyoc,
1613 394 1698 434 quod
1721 405 1778 425 nos
1802 395 1843 426 ob

161 457 171 475 5
193 445 357 486 religionis
381 444 554 475 clarissime
579 443 811 474 excellenciam
833 442 934 473 multo
960 442 1203 483 complectimur
1226 442 1355 483 affectu,
1380 444 1460 474 sicut
1484 448 1515 474 et
1538 448 1688 485 parentes
1713 448 1745 476 et
1768 457 1842 486 pro-

191 497 354 538 genitores
378 496 475 527 nostri
498 496 603 535 ipsum
626 495 731 525 locum
755 504 881 535 semper
905 494 1086 524 dilexerunt
1110 497 1142 524 et
1159 494 1338 534 sepulturas
1361 505 1433 525 suas
1456 495 1521 526 illic
1539 496 1714 536 elegerunt,
1739 498 1779 528 sit
1803 508 1843 528 ex

191 549 294 579 causis
318 546 560 578 rationabilibus
584 550 616 577 et
646 545 776 576 notoriis
800 545 907 576 multis
931 544 1046 576 debitis
1076 549 1304 586 pregravatum
1337 549 1369 576 et
1399 547 1488 587 quasi
1517 547 1547 577 in
1580 547 1843 588 desperacionem

190 600 346 640 positum,
370 608 428 628 nos
451 598 592 638 ipsorum
616 597 799 638 paupertati
824 600 856 627 et
877 597 1011 637 penurie
1035 606 1219 627 succurrere
1244 597 1423 637 cupientes,
1454 597 1533 628 duas
1557 599 1709 630 ecclesias
1732 611 1842 640 parro-

191 650 332 681 chialesb
356 659 428 680 cum
456 660 520 680 una
551 649 676 690 capella
703 649 876 679 attinentee
899 649 930 678 in
958 648 1036 678 villa.
1064 648 1213 680 Nersteiu
1237 649 1327 680 iuxta
1353 650 1557 690 Oppenheim
1586 652 1677 690 sitas,
1708 662 1843 692 quarum

148 713 174 731 ιο
191 702 239 732 ius
263 703 451 742 patronatus
474 701 505 731 in
529 700 624 731 feodo
650 700 689 730 de
713 702 818 731 vestra
843 700 946 741 gratia
970 699 1182 740 possidemus,
1206 701 1284 741 ipsis
1308 701 1340 730 in
1365 700 1541 732 subsidium
1566 701 1686 733 donare
1711 706 1744 733 et
1767 714 1842 734 con-

190 752 274 783 ferre
299 752 508 791 decrevimus,
533 753 558 782 si
582 754 690 782 tamen
705 754 811 782 vestre
828 752 1016 792 magestatis
1032 751 1208 792 imperialis
1224 751 1422 782 excellencia
1439 753 1628 791 consentire,
1653 754 1842 786 confirmare

191 807 224 835 et
255 814 396 834 annuere
432 803 626 844 dignaretur.
686 802 807 833 Verum
843 812 914 833 cum
949 813 1005 833 vos
1038 812 1166 843 semper
1200 802 1324 833 fueritis
1358 803 1454 833 divini
1489 804 1592 834 cultus
1625 808 1657 835 et
1680 805 1843 846 religionis

191 856 351 886 studiosus
376 858 408 886 et
431 854 567 895 diligens
592 857 826 895 augmentator,
851 854 921 894 pari
944 857 1018 884 voto
1050 858 1082 884 et
1110 854 1250 884 unanimi
1279 864 1434 885 consensu
1458 854 1549 885 vobis
1577 855 1740 887 humiliter
1767 867 1842 898 sup-

190 907 357 948 plicamuS,
382 906 530 947 quatinus
553 905 651 936 talem
676 905 887 935 donacionem
912 908 1045 945 propter
1067 904 1173 936 Deum
1198 909 1229 935 et
1253 916 1310 946 pro
1335 906 1437 936 salute
1462 907 1567 937 anime
1591 911 1694 938 vestre
1719 910 1751 939 et
1776 919 1843 939 om—

148 968 172 987 15
190 959 277 989 nium
302 958 543 999 progenitorum
567 960 743 987 vestrorum
768 956 873 987 velitis
897 959 1003 987 vestra
1026 957 1217 987 auctoritate
1240 956 1399 997 imperiali
1424 957 1582 989 ratificare
1607 961 1639 988 et
1662 959 1842 1000 approbare

190 1013 222 1040 et
244 1009 467 1040 nichilominus
492 1007 623 1039 easdem
653 1008 804 1039 ccclesias
834 1008 911 1048 ipsis
935 1007 1091 1048 religiosis
1115 1007 1352 1048 appropriando
1381 1009 1493 1039 vestris
1521 1010 1705 1049 patentibus
1728 1010 1843 1042 litteris

189 1060 387 1092 confirmare.
435 1059 529 1095 Quod
549 1060 575 1089 si
591 1063 696 1090 vestra
712 1059 851 1100 ingenua
868 1059 1047 1100 benignitas
1065 1059 1228 1100 complere
1252 1059 1439 1097 decreverit,
1462 1071 1521 1100 per
1536 1064 1703 1100 presentes
1720 1062 1843 1093 litteras

189 1122 283 1143 omne
313 1112 361 1142 ius
388 1114 544 1146 nostrum,
579 1110 665 1151 quod
694 1110 849 1141 hactenus
878 1110 1046 1141 habuimus
1077 1111 1108 1140 in
1142 1111 1218 1151 ipsis
1248 1114 1279 1141 et
1310 1110 1481 1151 habemus,
1520 1112 1551 1142 in
1578 1122 1690 1142 manus
1720 1117 1843 1144 vestras

188 1164 423 1195 communicata
449 1173 545 1193 manu
572 1162 673 1193 libere
703 1163 915 1203 resignamus,
946 1165 980 1192 ut
1011 1161 1133 1192 eisdem
1162 1161 1320 1202 religiosis
1350 1172 1407 1202 per
1438 1173 1493 1192 vos
1521 1163 1572 1203 pie
1603 1166 1635 1194 et
1667 1163 1782 1195 devote
1811 1168 1843 1196 et

145 1223 170 1243 20
187 1215 365 1246 liberaliter
389 1214 595 1245 condonetur.
640 1213 712 1244 Hoc
741 1214 878 1244 scientes
907 1213 994 1254 quod
1022 1214 1053 1243 in
1083 1213 1153 1244 aliis
1181 1213 1272 1243 bonis
1296 1213 1447 1244 videlicet
1477 1215 1508 1244 in
1533 1214 1773 1246 Germersheim
1802 1216 1843 1247 de

187 1267 256 1297 iure
287 1266 438 1297 castrensi
469 1269 501 1296 et
531 1266 628 1296 etiam
657 1265 696 1296 (le
724 1265 795 1296 aliis
825 1265 916 1295 bonis
940 1275 1035 1305 quam
1064 1265 1221 1305 plurimis,
1257 1275 1318 1305 que
1348 1265 1387 1295 (le
1418 1266 1522 1305 gratia
1551 1270 1657 1297 vestra
1685 1267 1715 1297 in
1746 1267 1841 1297 feodo

187 1317 353 1357 habemus,
378 1316 467 1348 vobis
490 1316 714 1347 nichilominus
737 1326 845 1346 sumus
869 1316 991 1346 astricti
1014 1315 1054 1346 ad
1078 1316 1221 1356 homagii
1245 1317 1443 1356 servitutem,
1468 1317 1565 1347 immo
1591 1318 1674 1348 ultra
1698 1317 1842 1348 debitum

187 1369 218 1400 in
247 1371 437 1410 perpetuum
464 1379 522 1399 nos
551 1368 719 1399 invenictis
747 1368 785 1398 ad
812 1370 952 1398 vestrum
981 1367 1149 1398 servicium
1179 1367 1383 1407 promciorcs
1494 1368 1531 1398 In
1562 1369 1649 1399 cuius
1678 1369 1723 1399 rei
1752 1369 1841 1400 testi-

187 1421 329 1451 monium
353 1419 458 1460 sigilla
481 1422 588 1450 nostra
611 1418 812 1460 presentibus
835 1422 906 1449 sunt
923 1429 1075 1459 appensa.
1121 1418 1162 1449 Et
1187 1428 1247 1460 ego
1264 1418 1469 1449 Hermanuus
1492 1419 1653 1460 predictus
1678 1420 1736 1450 sub
1759 1421 1843 1451 iura-

145 1483 169 1503 25
188 1474 296 1503 mento
320 1471 498 1507 fidelitatis,
527 1481 590 1512 quo
614 1474 718 1501 vestre
742 1469 900 1510 imperiali
930 1470 1091 1500 maiestati
1115 1481 1184 1500 sum
1213 1470 1371 1509 astrictus,
1403 1480 1612 1511 recognosco,
1646 1471 1731 1512 quod
1755 1472 1842 1502 aliud

188 1523 326 1564 sigillum
352 1533 414 1553 non
437 1521 540 1552 habeo
564 1532 623 1552 nec
647 1521 734 1552 aliud
758 1522 864 1552 facere
888 1521 1028 1560 intendo,
1053 1521 1111 1551 uisi
1136 1521 1223 1562 prius
1241 1521 1433 1562 dignitatem
1459 1532 1637 1563 consequar
1660 1523 1840 1554 militarem.

295 1582 415 1612 Datum
441 1592 521 1612 anno
546 1581 676 1612 Domini
699 1580 926 1620 MCCCXXX,
950 1582 981 1611 iu
1004 1581 1175 1611 Dominica
1198 1581 1375 1612 Invocavit.

577 1712 662 1747 (398.
704 1711 915 1756 Approbatio
945 1712 1169 1755 imperatoris.
1276 1711 1386 1746 Mart.
1407 1712 1465 1745 30.

303 1785 399 1826 Copia
424 1787 474 1823 (c.)
502 1785 611 1815 ibidem
639 1784 692 1822 sol.
712 1785 783 1814 114¹
811 1794 879 1815 cum
904 1784 1013 1814 rubro:
1044 1784 1224 1815 Consensus
1250 1785 1304 1815 diii
1329 1783 1495 1815 Ludowici
1520 1784 1722 1825 imperatoris
1746 1794 1842 1826 super

147 1845 171 1864 30
191 1835 366 1867 donacione
391 1836 599 1866 ecclesiarum
623 1836 654 1865 in
677 1835 836 1866 Nerstein.
885 1835 1083 1866 Contulimus
1105 1844 1169 1866 nos.
1195 1853 1234 1857 —
1260 1835 1321 1865 Ed.
1339 1835 1357 1865 l.
1377 1845 1399 1865 c.
1420 1846 1453 1874 p.
1472 1836 1535 1866 365
1558 1845 1606 1866 nr.
1626 1835 1688 1865 419
1711 1846 1748 1866 ew
1772 1847 1797 1867 c.

299 1895 442 1932 Bo'lzmer,
466 1895 541 1934 Rey.
565 1895 675 1926 Ludw.
694 1905 730 1933 11·
747 1895 810 1925 359
834 1904 882 1925 nr.
901 1895 986 1926 3269
1009 1894 1132 1933 (Addit.
1151 1895 1235 1934 III).

301 1955 348 1993 Cf.
372 1954 509 1986 Bo'lcmer
532 1953 550 1984 l.
567 1964 592 1984 c.
618 1954 733 1985 3:2701.

296 2031 514 2072 Lud(owicus)
533 2030 595 2061 Dei
619 2031 726 2071 gracia
742 2030 960 2062 Romanorum
977 2031 1152 2072 imperator
1168 2041 1295 2072 semper
1311 2034 1465 2072 augustus
1554 2031 1708 2061 universis
1725 2031 1842 2062 Christi

192 2082 340 2114 fidelibus
364 2081 565 2123 presentibus
589 2085 620 2112 et
643 2082 756 2112 futuris
780 2082 893 2113 harum
916 2082 1093 2113 litterarum
1118 2086 1263 2114 tenorem
1289 2081 1483 2113 intuentibus
1587 2082 1727 2123 graciam
1752 2092 1842 2113 suam

148 2146 172 2164 35
193 2139 225 2166 et
249 2144 342 2164 omne
366 2133 495 2164 bonum.

293 2218 359 2244 697.
387 2219 409 2249 a)
429 2238 434 2244 .
450 2227 471 2243 c.
558 2217 582 2249 b)
602 2226 668 2250 sequ.
682 2221 756 2244 eccsz
772 2220 902 2252 subpzmct.
991 2220 1014 2249 c)
1030 2225 1088 2251 post
1106 2220 1224 2244 Nerstein
1245 2220 1369 2251 scriptum
1388 2220 1458 2251 signo
1474 2219 1565 2251 posito.

296 2288 322 2317 1)
350 2286 384 2312 In
402 2286 576 2312 adnotatione
595 2286 720 2318 ponimus
744 2294 776 2312 &c
801 2286 887 2313 eodem
909 2287 996 2313 codice
1017 2287 1064 2318 sol.
1078 2291 1129 2313 114
1152 2289 1177 2313 et
1194 2289 1251 2313 113¹
1271 2287 1325 2312 cluo
1348 2287 1453 2320 scripta
1476 2285 1577 2312 domini
1599 2285 1629 2311 (Ic
1652 2285 1797 2318 Holaenfels
1819 2289 1843 2311 et

191 2330 286 2356 uxoris
305 2338 330 2355 a.
344 2331 415 2355 1330.
443 2329 510 2361 Apr.
524 2331 557 2354 23
579 2331 604 2354 et
622 2328 684 2354 Iun.
700 2333 728 2355 15
749 2329 827 2361 (lata,
852 2337 919 2362 quac
944 2331 1003 2356 item
1020 2330 1179 2356 contulimus
1205 2329 1252 2361 (ef.
1272 2329 1347 2363 Frey
1369 2332 1392 2355 et
1412 2329 1535 2363 Remliny
1559 2329 1573 2354 ἶ.
1588 2336 1608 2354 c.
1630 2336 1660 2361 p.
1676 2332 1721 2354 371
1741 2337 1781 2354 ην.
1795 2332 1842 2354 421

193 2376 216 2399 et
235 2374 312 2404 422).-

149 2426 174 2444 40
297 2415 368 2441 Item
387 2413 420 2440 de
439 2413 591 2440 donacione
610 2413 677 2440 iuris
696 2416 861 2448 patronatus
881 2415 1059 2442 ecclesiarum
1078 2415 1106 2441 in
1126 2414 1264 2442 Nerstein.

296 2457 354 2482 Nos
374 2456 545 2483 Hermannus
563 2449 690 2482 dominus
710 2457 737 2483 in
756 2457 887 2484 Hoenfels
911 2460 940 2484 et
958 2457 1088 2490 legitima
1111 2457 1282 2484 collateralis
1301 2459 1396 2483 nostra
1416 2457 1527 2483 domina
1548 2454 1727 2490 Kfinegundis
1747 2457 1842 2482 tenore

193 2499 367 2533 presencium
391 2499 503 2532 publice
522 2499 692 2532 profitemur,
719 2500 793 2533 quod
817 2508 866 2526 nos
889 2500 1012 2526 unanimi
1035 2509 1168 2526 consensu
1191 2502 1219 2526 et
1242 2499 1305 2534 pari
1324 2501 1389 2526 voto
1413 2499 1530 2533 provida
1554 2498 1754 2525 deliberatione
1780 2506 1839 2531 pre-

192 2542 293 2568 habita
311 2550 361 2575 pro
380 2541 471 2568 salute
490 2541 642 2568 animarum
661 2543 815 2568 nostrarum
840 2544 868 2569 et
891 2544 1052 2569 cunctorum
1075 2543 1284 2576 progenitorum
1311 2544 1466 2568 nostrorum
1491 2541 1636 2574 cupientes
1659 2542 1768 2566 terrena
1790 2548 1840 2572 pro

194 2584 344 2610 celestibus
370 2585 550 2615 commutare,
575 2584 738 2610 conferimus
768 2586 797 2611 et
826 2585 958 2611 donamus
986 2587 1015 2612 et
1038 2585 1213 2619 presentibus
1237 2585 1450 2619 appropriamus
1477 2583 1614 2617 religiosis
1640 2582 1706 2608 viris
1730 2581 1840 2608 domiuo

149 2640 173 2658 45
193 2647 198 2653 .
215 2647 219 2652 .
239 2626 337 2652 abbati
362 2628 390 2653 et
414 2626 562 2653 conventui
584 2627 744 2653 monasterii
767 2627 795 2653 'm
820 2627 967 2662 Ottirburg
989 2628 1094 2654 ordinis
1113 2628 1331 2661 Cyst(erciensis)
1358 2628 1482 2662 Mogunt.
1503 2627 1581 2659 dyoc.
1602 2626 1644 2651 ius
1673 2626 1836 2658 patronatus

194 2669 309 2695 duarum
323 2669 501 2696 ecclesiarum
514 2669 730 2703 parrochialium
749 2672 777 2697 et
796 2669 876 2696 unius
889 2671 1017 2704 cappelle
1031 2670 1179 2697 attinentis
1197 2671 1316 2697 sitarum
1335 2671 1363 2696 in
1378 2669 1503 2697 terminis
1524 2668 1588 2694 ville
1601 2667 1731 2693 Nerstein
1750 2666 1838 2692 eciam

193 2711 320 2745 Mogunt.
339 2712 417 2745 dyoc.
437 2720 498 2738 cum
517 2711 591 2738 omni
610 2711 675 2743 iure,
694 2721 748 2745 quo
767 2721 816 2739 nos
835 2712 905 2739 illud
925 2715 1059 2740 hactenus
1077 2713 1248 2747 possedimus
1273 2716 1302 2740 et
1327 2722 1344 2739 a
1363 2712 1470 2739 cunctis
1489 2710 1591 2737 nostris
1615 2708 1839 2743 progenitoribus

193 2763 283 2787 usque
304 2755 339 2780 ad
358 2763 406 2781 nos
425 2756 467 2781 est
485 2754 538 2781 rite
558 2757 586 2781 et
604 2755 814 2782 racionabiliter
834 2755 1007 2787 devolutum,
1035 2758 1066 2782 ut
1089 2757 1118 2782 et
1140 2756 1194 2790 ipsi
1218 2755 1343 2790 religiosi
1363 2753 1519 2782 huiusmodi
1544 2753 1586 2779 ius
1607 2753 1773 2785 patronatus
1791 2750 1838 2775 im-

1583 2804 1634 2830 75*
