2205 3025
309 166 369 193 5115
583 159 677 185 ACTA
698 158 810 184 REGNI
831 158 1016 185 LUDEWICI
1038 158 1083 184 lV.
1104 158 1148 184 ET
1171 159 1354 185 FRIDERICI
1375 158 1421 185 III.
1459 158 1532 184 1329.
1570 158 1618 184 Nr.
1631 158 1689 185 605.

423 250 443 277 1.
462 246 601 277 Eosdem
621 245 717 275 etiam
733 244 976 284 Cremonenses,
994 245 1140 286 collegia,
1159 245 1384 276 universitates
1401 247 1432 275 ct
1445 244 1623 285 singulares
1636 255 1789 286 personas
1802 246 1961 277 Oremone

309 310 387 329 nnnc
412 297 545 338 imperio
572 301 602 327 ct
620 297 745 326 comuni
764 296 920 326 Creuione
938 296 1098 327 subiectas
1123 296 1154 326 in
1179 295 1325 326 omnibus
1351 306 1461 326 eorum
1486 295 1670 334 honoribus7
1695 296 1790 327 bonis
1815 300 1847 327 et
1871 298 1962 328 iuris-

308 349 497 380 di‹·tionibus
514 351 609 388 atquc
628 347 758 387 iuribus,
784 358 862 388 quos
885 351 917 378 et
934 358 995 388 que
1012 347 1133 378 habent
1151 350 1181 378 ct
1198 347 1239 378 ab
1257 348 1332 378 olim
1348 347 1469 378 habere
1487 351 1730 386 consueverunt⁷
1755 348 1786 378 in
1803 348 1963 389 integrum

307 401 501 431 restituimus
526 402 557 429 ct
582 399 765 439 reponimus
794 399 887 439 pleno
917 400 999 439 iure,
1029 409 1089 429 non
1121 399 1320 429 obstantibus
1344 399 1503 439 aliquibus
1527 399 1692 430 sententiis
1717 399 1792 430 olim
1816 399 1907 430 factis
1932 403 1964 431 et

307 453 378 482 latis
412 462 469 492 per
504 450 662 491 prefatum
703 450 787 481 clare
821 450 976 481 memorie
1013 450 1177 480 dominum
1212 451 1440 491 imperatorem
1475 450 1662 480 Heinricum
1699 451 1962 491 predecessorem

306 503 477 535 nostrum¹,
503 512 581 542 quas
607 502 734 542 quidem
760 502 940 532 sentencias
964 512 1005 532 ex
1029 505 1116 532 certa
1140 501 1278 532 sciencia
1302 512 1464 532 cassamus
1489 504 1521 532 et
1544 501 1687 532 totaliter
1710 502 1919 534 annullamus.

415 557 442 583 5.
472 553 658 584 Statucntcs
683 556 717 582 ut
740 553 828 582 nulla
853 553 981 583 omnino
1007 563 1145 593 persona
1169 552 1234 582 alta
1259 553 1308 582 vel
1332 553 1470 593 humilis,
1496 552 1714 584 ecclesiastica
1737 554 1788 583 vel
1812 553 1963 584 secularis

306 606 355 636 vel
381 606 491 646 quevis
515 605 578 635 alia
603 614 749 645 personaq
775 605 886 644 quovis
910 604 1039 634 nomine
1065 602 1285 646 ce[n]sseatur,
1310 604 1472 644 predictos
1496 604 1580 634 cives
1604 607 1635 635 et
1652 614 1786 635 comune
1804 604 1963 636 Cremone

305 657 417 687 fideles
442 659 566 686 nostros
590 659 698 686 contra
723 655 816 686 huius
840 656 1055 686 concessionis
1080 658 1112 685 et
1135 655 1384 685 confirmationis
1408 658 1513 686 nostre
1539 658 1683 686 tenorem
1700 666 1796 697 super
1812 656 1964 696 predictis

306 708 452 739 omnibus
476 707 675 748 perturbare,
701 707 866 737 offendere
893 717 949 737 seu
974 707 1146 737 molestare
1171 709 1350 747 presumat,
1376 709 1526 747 pretextu
1551 707 1651 737 eciam
1677 707 1810 738 alicuius
1835 717 1963 738 conces⁷

305 760 415 798 sionis³
446 759 662 799 promissionis
692 758 742 789 vel
772 761 954 789 contractus
986 758 1112 799 generis
1142 758 1368 798 cuiuscumque
1393 757 1468 788 facti
1492 768 1549 798 per
1573 768 1708 789 comune
1733 757 1890 789 Oremone
1914 759 1966 789 vel

305 811 401 842 aliam
426 810 620 850 singularem
646 820 816 850 personam
842 810 972 840 nomine
998 809 1074 839 dicti
1103 808 1246 839 comunis
1277 808 1435 849 aliquibus
1464 809 1622 849 personis,
1650 809 1911 840 universitatibus
1935 812 1967 840 et

306 862 507 899 comunibus7
541 872 600 902 que
631 862 868 896 concessiones,
902 861 1128 902 promissiones
1153 863 1184 890 et
1215 863 1395 905 contractus
1428 863 1580 901 quantum
1613 860 1653 890 ad
1677 860 1822 901 predicta
1846 861 1966 891 nullam

305 913 452 944 volumus
477 913 620 943 obtinere
646 912 767 943 roboris
793 914 988 951 firmitatem,
1015 913 1139 942 etiamsi
1164 911 1332 952 privilegio
1357 911 1489 942 alicuius
1513 911 1714 952 imperatoris
1737 912 1806 953 ipse
1830 913 1965 953 promis-

305 966 423 1001 siones,
453 967 634 994 contractus
663 968 695 994 et
723 965 948 995 concessiones
980 967 1086 994 essent
1117 963 1251 1001 munite,
1286 973 1347 1003 que
1377 963 1483 993 onmia
1513 973 1674 993 cassamus
1698 966 1730 994 et
1754 974 1812 1004 per
1835 974 1966 1004 presens

306 1016 507 1057 privilegium
540 1015 751 1046 annullamus.
842 1016 875 1046 Si
907 1017 976 1056 quis
1008 1018 1116 1045 autem
1147 1014 1372 1045 contrafecerit
1402 1014 1451 1045 vel
1483 1014 1702 1044 contrafacere
1726 1015 1966 1055 presumpserit,

305 1068 558 1108 indignationem
583 1070 724 1097 nostram
749 1070 781 1097 et
806 1078 925 1107 penam
950 1067 1037 1097 mille
1061 1065 1215 1096 librarum
1240 1066 1308 1096 auri
1332 1075 1365 1095 se
1384 1065 1508 1095 noverit
1523 1065 1732 1103 incursurum,
1756 1065 1966 1096 medietatem

306 1130 432 1149 camere
468 1122 574 1149 nostre
611 1122 643 1148 ct
678 1118 834 1158 reliquam
871 1118 1080 1149 medietatem
1112 1118 1213 1158 passis
1244 1117 1391 1147 iniuriam
1422 1116 1677 1157 persolvendam.
1723 1117 1828 1147 Huius
1858 1120 1966 1148 autem

306 1173 413 1200 nostre
440 1170 623 1200 serenitatis
648 1170 849 1211 privilegium
875 1171 1052 1210 gratiosum
1071 1172 1102 1199 ct
1118 1169 1338 1199 cassacciones
1355 1172 1387 1198 et
1404 1168 1628 1198 revocaciones
1644 1168 1805 1209 predictas
1822 1168 1968 1200 obtinere

306 1221 450 1251 volumus
480 1224 511 1251 et
540 1222 663 1252 valere.
693 1221 779 1251 nulla
810 1221 884 1261 lege
915 1221 1067 1261 nulloque
1097 1220 1267 1260 privilegio
1298 1230 1356 1260 per
1388 1222 1512 1250 nostros
1540 1219 1786 1260 predecessores
1810 1221 1967 1251 concessis

307 1272 506 1303 obstantibus
542 1272 605 1302 ullo
640 1272 735 1303 modo
767 1283 824 1303 nec
861 1273 957 1303 etiam
989 1273 1062 1302 ullis
1092 1271 1197 1301 verbis
1228 1270 1428 1311 derogatoris
1462 1271 1546 1311 legei
1575 1271 1682 1311 aliqua
1713 1272 1763 1301 vel
1797 1272 1965 1312 privilegio

307 1324 414 1364 aliquo
439 1324 550 1364 positis
575 1324 625 1354 vcl
650 1324 792 1363 insertis,
818 1325 942 1354 etiamsi
967 1324 1006 1354 de
1032 1324 1108 1364 ipsis
1132 1323 1221 1363 lege.
1246 1323 1414 1363 privilegio
1440 1325 1536 1363 atque
1560 1322 1666 1352 verbis
1690 1323 1890 1354 mencionem
1915 1323 1966 1353 vel

307 1375 541 1415 a.pp‹:›siti0nem
560 1379 725 1416 oporteret
742 1376 772 1406 in
790 1376 870 1405 hock
890 1376 957 1406 fieri
975 1375 1160 1416 specialem,
1179 1384 1236 1405 nec
1255 1374 1351 1404 ctiam
1368 1373 1432 1404 ullo
1450 1373 1523 1404 huic
1539 1377 1646 1404 nostre
1664 1375 1780 1415 pagine
1800 1375 1965 1405 obstaculo

308 1426 491 1465 inferendo,
526 1437 563 1456 eo
594 1427 679 1467 quod
709 1427 865 1467 scriptura.
890 1437 1050 1468 purpurea
1075 1437 1136 1456 non
1162 1426 1201 1455 sit
1225 1426 1342 1466 scripta
1367 1435 1424 1455 nec
1450 1425 1531 1455 cocti
1555 1425 1683 1455 muricis
1707 1428 1739 1455 et
1764 1426 1827 1455 triti
1852 1426 1965 1456 cochili

309 1478 436 1508 ardorel
462 1479 587 1519 signata
611 1489 668 1508 nec
694 1485 861 1519 questores
885 1480 965 1509 sacri
983 1478 1110 1519 pallacii
1128 1477 1317 1507 anotacione
1337 1476 1455 1507 vallata
1472 1480 1527 1506 aut
1544 1477 1650 1517 aliqua
1666 1476 1729 1507 alia
1746 1476 1966 1518 sollempnitas

309 1530 349 1559 sit
372 1530 499 1564 omissa
525 1530 597 1570 quia
623 1540 753 1570 presens
778 1530 979 1571 privilegium
1004 1540 1040 1559 ac
1066 1529 1190 1569 singula
1208 1529 1237 1558 111
1256 1539 1293 1559 00
1312 1528 1555 1569 quomodolibet
1572 1527 1803 1568 comprehensa
1820 1539 1858 1559 ex
1877 1533 1965 1559 certa

309 1581 441 1611 scientia
465 1582 508 1611 sie
533 1581 625 1611 scribi
650 1581 815 1612 voluimus.
842 1586 875 1611 ut
899 1585 971 1611 sunt
995 1582 1122 1621 scripta..

685 1634 724 1663 A.

375 1683 409 1713 ln
428 1694 560 1724 quorum
579 1685 718 1714 oninium
737 1685 952 1714 testinnrnium
968 1688 998 1715 et
1013 1684 1108 1714 robur

309 1739 474 1774 presentes
517 1736 671 1765 conscribi
711 1740 741 1765 et
783 1736 886 1777 sigillo
933 1736 1107 1766 maiestatis

309 1790 415 1819 nostre
441 1787 587 1817 iussimus
612 1787 809 1817 comnuiniri.

374 1837 446 1867 Dat.
464 1838 579 1878 Papio,
606 1839 759 1878 vigesima
788 1839 888 1879 prima
914 1839 964 1868 ‹lie
990 1839 1106 1868 niensis

310 1889 406 1927 Iunii,
436 1889 624 1919 duodecima
655 1890 841 1922 indiccione*
871 1901 952 1920 anno
978 1890 1106 1920 Domini

310 1940 477 1970 millesimo
496 1941 719 1971 trecentesimo
735 1942 888 1981 vigesimo
907 1951 999 1972 nono.
1019 1942 1105 1981 regni

308 1992 404 2021 nostri
431 2002 512 2021 anno
538 1993 784 2030 quintodecimo.
810 1993 935 2033 imperii
957 2003 1030 2023 vero
1057 2005 1105 2023 se-

311 2042 422 2072 eundo.

416 2712 482 2737 (307).
511 2718 526 2741 ¹)
547 2714 638 2736 abhinc
657 2713 736 2735 matins
757 2713 875 2743 scriplum
898 2714 921 2735 ln
947 2713 973 2737 Il.

420 2773 441 2797 11
464 2773 504 2802 (Ἰζ
524 2780 607 2804 snpra
628 2774 686 2797 [nm.
704 2771 752 2799 113
769 2776 780 2796 J
800 2780 839 2796 m:
853 2776 906 2797 1531,

1064 2713 1087 2738 k)
1108 2714 1154 2738 liae
1174 2715 1205 2739 A.

1542 1630 1578 1660 Β.

1228 1682 1263 1712 111
1289 1683 1377 1711 euius
1402 1683 1446 1712 rei
1465 1682 1681 1712 testimonium
1700 1685 1866 1721 presentes
1891 1693 1964 1712 con-

1162 1733 1256 1763 scribi
1282 1744 1319 1763 ac
1344 1736 1450 1763 nostre
1476 1733 1652 1763 maiestatis
1682 1732 1786 1773 sigillo
1817 1736 1847 1763 et
1875 1734 1965 1774 signo

1162 1787 1314 1815 consueto
1340 1785 1488 1814 iussimus
1512 1784 1710 1814 communiri.

1227 1835 1345 1866 Datum
1382 1840 1413 1866 et
1450 1839 1556 1866 actum
1586 1835 1740 1876 vigesimo
1776 1835 1877 1875 primo
1914 1835 1964 1866 die

1162 1887 1257 1926 101111,
1289 1888 1319 1916 111
1344 1887 1471 1917 civitate
1496 1887 1608 1927 Papie.
1640 1886 1697 1916 sub
1728 1897 1809 1917 anno
1835 1886 1964 1917 Domini

1161 1938 1330 1969 millesimo
1360 1938 1587 1969 trecentesimo
1613 1938 1768 1978 vigesimo
1792 1948 1885 1975 nono,
1916 1938 1963 1968 in-

1161 1990 1298 2020 dictione
1318 1989 1519 2028 duodecima,
1544 1989 1634 2029 regni
1656 1989 1755 2019 nostri
1771 1999 1853 2019 anno
1872 1989 1962 2029 quin-

1162 2041 1331 2077 todecimo,
1357 2041 1482 2081 imperii
1506 2051 1581 2070 vero
1607 2040 1757 2071 secunde.

1225 2100 1434 2131 Presentibus
1451 2100 1570 2131 Iacobo
1596 2100 1635 2130 de
1658 2099 1871 2140 Spannhy(m)
1897 2099 1963 2130 No-

1125 2167 1128 2170 >
1161 2152 1297 2182 variensi
1323 2152 1484 2192 episcopo,
1510 2151 1607 2181 fratre
1633 2150 1788 2181 Gualtero
1812 2150 1964 2191 Papiensi

1161 2204 1327 2243 episeopo,
1359 2202 1531 2233 Frederieo
1561 2202 1732 2242 burgravio
1765 2202 1803 2232 de
1827 2201 1965 2232 Nureni-

1161 2254 1254 2295 berg]
1283 2254 1448 2284 Ludovico
1481 2254 1560 2284 duee
1592 2253 1630 2283 (10
1663 2253 1767 2291 Tech,
1797 2252 1961 2283 Friderico

1161 2306 1276 2336 comite
1311 2305 1349 2335 (10
1379 2304 1547 2345 0111113011,
1574 2304 1702 2334 Andrea
1733 2304 1772 2334 de
1804 2304 1963 2343 Brunecb,

1161 2357 1325 2386 Anfrcono
1360 2356 1492 2396 Spinola
1526 2356 1675 2385 Ianuensi
1711 2355 1896 2385 consiliariis
1933 2358 1965 2385 et

1161 2408 1340 2438 secretariis
1358 2408 1472 2437 nostris
1490 2406 1614 2437 dilectis
1640 2410 1671 2437 et
1687 2406 1793 2436 Vanni
1811 2406 1849 2436 dc
1868 2405 1962 2436 511κί-

1162 2469 1244 2489 nana
1269 2459 1308 2489 de
1327 2458 1505 2495 Ubaldinis,
1530 2458 1698 2498 Raniengo
1720 2457 1760 2487 de
1781 2457 1897 2488 Casate
1924 2457 1961 2488 de

1161 2509 1371 2540 Medi01a110³¹
1405 2514 1435 2540 et
1461 2509 1633 2540 Castellino
1667 2508 1706 2538 de
1737 2508 1894 2539 Becharia
1923 2508 1962 2538 de

1161 2561 1264 2601 Pupia
1289 2560 1422 2591 testibus
1447 2560 1487 2591 ad
1512 2561 1571 2591 hoc
1596 2560 1715 2601 rogatis
1733 2563 1764 2590 et
1781 2559 1963 2599 specialiter

1163 2613 1353 2642 convocatis.

1295 2714 1312 2739 Γ)
1333 2716 1424 2739 ardnre
1445 2715 1476 2738 A.
1566 2718 1597 2740 ΠΙ)
1618 2722 1684 2744 sessa.
1704 2713 1733 2737 de
1753 2713 1825 2737 delet·
1847 2713 1877 2736 J).

1986 721 2010 739 10

1986 975 2009 993 15

1986 1232 2011 1251 20

1986 1490 2010 1508 25

1986 1747 2010 1765 30

1983 2002 2006 2020 35

1982 2265 2007 2282 40

1982 2520 2006 2537 ⁴5
