2205 3025
620 176 716 204 ACTA
736 175 848 203 ΗΕΘΜ
867 175 1049 203 Leoswici
1070 177 1116 204 iv.
1153 177 1228 204 1330.
1266 177 1312 203 Ns.
1327 178 1384 204 τειε.
1765 183 1826 212 675

177 262 295 302 picium
331 262 466 304 propriis
504 264 650 294 excecati
684 264 817 294 maliciis
851 265 959 304 sepius
992 272 1025 294 se
1061 262 1257 304 immergunt,
1293 267 1425 304 propter
1457 264 1541 305 quod
1578 269 1687 296 sancta
1724 270 1827 298 mater

178 313 315 344 eecleSIa
339 313 379 344 de
403 314 505 344 salute
530 314 686 345 tiliorumb
703 315 826 346 solicita
851 318 995 346 errantes
1018 315 1199 345 huiusmodi
1225 315 1265 346 ad
1283 316 1366 346 viam
1392 315 1502 346 salutis
1527 318 1700 348 caritativis
1724 320 1825 349 moni-

176 365 315 395 tionibus
332 375 484 396 revocare
500 365 637 397 libenter
652 366 810 397 interdum
835 368 953 408 satagit
976 370 1008 398 et
1031 377 1102 397 cum
1126 367 1229 407 ipsam
1253 367 1456 408 obaudiam,
1482 369 1604 409 virgam
1621 371 1827 401 correctionis

177 416 327 447 adicere‘l
354 427 417 447 non
447 417 593 448 omittite.
652 417 736 448 Sane
771 428 954 457 commune,
992 418 1182 448 universitas
1217 421 1249 448 et
1282 419 1419 459 populus
1452 420 1588 450 civitatis
1623 421 1827 461 Tudertin(e)

146 478 157 496 5
178 467 315 498 dudumf
336 468 489 499 adversus
518 472 653 500 matrem
682 480 771 500 suam
799 469 980 500 Romanam
1009 469 1209 508 ecclesiamss,
1238 481 1334 511 quam
1370 471 1508 501 revereri
1536 472 1624 502 filiali
1654 473 1825 504 devotione

132 738 156 756 10

131 997 154 1015 15

128 1511 152 1530 25

128 1769 152 1787 30

128 2027 151 2045 ³5

126 2539 151 2557 45

177 519 341 550 debebant
364 524 398 550 ut
418 519 590 559 dominam,
614 531 686 551 cum
710 520 768 551 sibi
793 520 924 551 subesse
941 521 1114 551 inmediate
1135 521 1344 562 spiritualiter
1367 525 1399 552 et
1419 523 1639 563 temporaliter
1657 523 1826 556 dinoscan-

176 574 236 609 tur,
260 570 443 601 rebellionis
467 571 652 602 calcaneum
677 582 739 602 non
763 571 885 613 absque
910 572 1146 612 ingratitudinis
1170 573 1251 603 vicio
1276 584 1459 615 magnoque
1483 576 1673 605 temeritatis
1697 576 1826 607 ausibus

176 622 338 663 erigentes
365 623 467 663 ipsam
499 623 618 653 iniuriis
647 626 679 653 et
703 623 832 653 offensis
856 634 1030 663 provocare
1056 624 1150 654 variis
1178 625 1463 666 contumeliisqueh
1487 625 1616 657 afficere
1645 627 1704 658 sibi
1735 632 1828 669 terga

174 676 337 704 vertentes
360 684 423 704 non
447 674 584 705 facieml
609 675 827 715 multipliciter
850 679 1122 715 presumpserunt.
1168 675 1233 716 Ipsi
1257 677 1415 717 siqnidem
1439 688 1495 708 sua
1519 678 1694 709 rebellione
1711 679 1824 721 damp-

174 725 289 764 nanda,
316 735 372 766 per
395 736 491 766 quam
515 726 676 756 civitatem
702 725 879 766 predictam
904 736 975 756 cum
999 737 1056 756 suo
1081 726 1225 757 districtu
1250 732 1281 758 et
1305 729 1463 759 territorio
1487 729 1529 759 ad
1553 730 1600 760 ius
1624 734 1657 760 et
1680 733 1825 771 proprie-

173 779 272 807 tatem
298 777 441 808 eiusdem
458 776 604 807 Romane
629 777 763 808 ecclesie
788 778 882 818 pleno
908 778 975 807 iure
1000 781 1200 818 spectantem
1226 778 1424 815 detinebant,
1449 781 1530 811 sicut
1554 780 1656 812 adhuc
1681 782 1824 814 detinere

174 831 347 858 noscuntur
374 829 405 859 in
428 838 579 868 magnum
605 828 702 869 ipsius
731 829 866 859 ecclesie
892 834 1110 869 contemptum
1140 833 1172 860 et
1201 831 1411 871 preiudieium
1441 835 1629 872 occupatam
1659 834 1825 873 tirannice,

174 890 236 910 non
272 880 411 910 contenti
446 880 651 920 congregatis
687 879 806 910 dudum
842 880 985 910 hostibus
1025 885 1056 911 et
1092 881 1264 912 rebellibus
1298 882 1454 923 prelibate
1490 883 1626 915 ecclesie
1663 886 1824 917 civitatem

176 935 316 961 nostram
341 931 580 963 Urbevetanam
611 932 693 962 infra
722 932 947 972 patrimonium
980 932 1065 962 beati
1090 932 1178 962 Petri
1208 934 1238 963 in
1267 933 1383 964 Tuscia
1413 935 1638 966 consistentem
1668 936 1826 968 hostiliter

175 983 358 1014 invaserunt
389 994 426 1014 ac
457 984 553 1014 etiam
583 987 822 1024 expugnarunt,
853 983 1031 1024 occupandi
1065 983 1104 1015 de
1140 984 1286 1014 manibus
1318 986 1461 1016 eiusdem
1493 987 1626 1017 ecclesie
1658 988 1824 1029 ipsamque

173 1035 350 1066 subiciendi
386 1039 449 1065 tam
489 1036 547 1065 sibi
586 1046 681 1075 quam
712 1035 783 1066 aliis
812 1035 955 1065 hostibus
987 1039 1019 1065 et
1049 1035 1222 1066 rebellibus
1252 1047 1345 1076 posse
1374 1047 1465 1067 suum
1496 1041 1567 1068 tunc
1601 1038 1825 1070 nichihnuinus

173 1087 331 1120 faciendo.
377 1087 532 1118 Preterea
557 1088 585 1117 in
611 1087 737 1127 prefata
761 1087 890 1118 civitate
915 1086 1090 1117 Tudertina
1115 1091 1281 1127 receptare
1312 1087 1419 1118 hostes
1450 1092 1482 1119 et
1510 1089 1648 1120 rebelles
1680 1091 1824 1122 eiusdem

174 1139 308 1170 ecclesie
339 1150 401 1169 non
431 1138 641 1177 erubuerunt,
671 1139 745 1179 quin
778 1149 850 1179 ymo
881 1139 926 1169 eis
955 1142 1019 1169 tam
1048 1138 1104 1169 ibii
1133 1149 1228 1179 quam
1258 1139 1333 1169 alibi
1363 1147 1473 1170 contra
1502 1141 1670 1172 ecclesiam
1700 1142 1826 1173 favores

174 1190 384 1232 multiplicess
407 1191 624 1231 prestiterunt,
653 1190 842 1221 officialibus
871 1194 902 1220 ct
926 1190 1075 1229 gentibus
1100 1190 1242 1220 eiusdem
1275 1191 1410 1221 ecclesie
1443 1192 1641 1233 denegantes
1670 1193 1823 1224 obedien-

173 1243 253 1274 ciam
279 1243 388 1283 eisquc
413 1242 528 1273 multas
552 1242 691 1272 offensas
716 1246 747 1272 et
771 1243 900 1273 iniurias
924 1242 1031 1282 sepius
1061 1243 1248 1281 irrogantes.
1306 1242 1373 1272 Nec
1402 1243 1461 1273 hiis
1490 1245 1640 1282 contenti,
1673 1255 1744 1275 cum
1769 1245 1824 1276 dil.

172 1294 214 1324 fil.
239 1298 346 1324 noster
379 1293 539 1324 Iohannes
569 1293 677 1324 Sancti
709 1293 871 1324 Theodori
899 1293 1050 1324 diaconus
1080 1293 1250 1324 cardinalis
1279 1294 1455 1334 apostolice
1484 1294 1568 1324 sedis
1597 1295 1721 1335 legatus
1750 1296 1824 1326 olim

173 1345 214 1376 ad
239 1346 400 1376 civitatem
424 1345 632 1376 Tudertinam
662 1345 838 1386 predictam
872 1346 955 1376 infra
985 1355 1041 1376 sue
1077 1345 1247 1385 legationis
1284 1346 1436 1376 terminos
1466 1347 1690 1377 consistentem
1728 1347 1826 1378 vellet

173 1396 354 1428 exercendo
378 1407 433 1427 sue
465 1397 634 1437 legationis
659 1396 799 1427 officium
824 1408 858 1427 se
884 1397 1044 1430 conferre.
1074 1397 1189 1437 prefati
1215 1408 1394 1437 commune,
1419 1398 1608 1428 universitas
1632 1401 1663 1428 et
1688 1399 1825 1438 populus

172 1449 248 1480 lieet
272 1449 414 1489 requisiti
444 1452 476 1479 ct
504 1449 615 1479 moniti
645 1448 782 1479 eundem
808 1449 950 1487 legatum
975 1449 1005 1479 in
1029 1448 1090 1479 Dei
1115 1452 1148 1479 et
1171 1449 1350 1489 apostolice
1376 1449 1460 1479 sedis
1489 1449 1717 1480 contumeliam
1746 1451 1826 1480 reci-

172 1511 248 1542 pere
279 1504 474 1531 recusarunt.
526 1499 568 1530 Et
596 1499 691 1531 lieetk
716 1511 781 1532 nos.
815 1501 868 1541 qui
898 1501 940 1541 pii
973 1510 1062 1531 more
1086 1501 1186 1541 patris
1219 1501 1356 1531 salutem
1386 1501 1585 1539 zelabamur,
1616 1501 1696 1531 sicut
1724 1500 1827 1531 adhuc

171 1553 267 1583 zelari
291 1552 451 1582 noscimur
474 1552 663 1590 eorundem,
694 1562 750 1592 per
781 1552 903 1582 litteras
935 1555 1058 1582 nostras
1088 1552 1211 1583 eisdem
1243 1552 1445 1582 transmissas
1475 1554 1582 1593 sepius
1612 1553 1828 1583 monuerimus

172 1608 204 1635 et
236 1614 294 1644 per
324 1603 460 1635 cundem
491 1604 633 1643 legatum
663 1604 786 1634 moneri
815 1604 1000 1638 fecerimus,
1037 1607 1070 1634 ut
1102 1604 1221 1634 relictis
1258 1605 1349 1634 inviis
1383 1603 1563 1634 huiusmodi
1588 1603 1629 1634 ad
1662 1604 1764 1634 sinum
1796 1608 1828 1634 et

172 1657 309 1697 gratiam
338 1655 472 1686 ecclesie
501 1659 679 1685 memorate
709 1655 813 1685 redire
844 1663 1007 1689 curarent,
1050 1656 1108 1696 ipsi
1139 1660 1246 1686 tamen
1276 1655 1372 1686 eorde
1403 1655 1550 1685 indurato
1580 1659 1612 1685 et
1641 1656 1826 1686 irreverenti

171 1707 277 1737 animo
302 1707 454 1737 salutaria
476 1707 597 1737 monita
628 1707 805 1737 huiusmodi
836 1706 1086 1747 dampnabiliter
1109 1710 1375 1748 contempnentes
1400 1706 1516 1737 nedum
1543 1707 1728 1737 continuare
1753 1717 1826 1747 prc-

172 1758 274 1789 dietos
298 1758 505 1789 detestandos
529 1769 695 1792 excessus,
726 1759 800 1798 quin
832 1769 905 1799 ymo
934 1759 1018 1789 mala
1048 1759 1154 1795 malis,
1185 1759 1308 1789 scelera
1337 1758 1511 1789 sceleribus
1536 1761 1567 1787 et
1592 1758 1701 1798 culpas
1726 1758 1826 1797 culpis

172 1820 351 1851 aggregare
375 1810 406 1840 in
436 1821 492 1840 suc
518 1809 752 1850 dampnationis
783 1810 943 1840 cumulum
972 1821 1034 1840 non
1059 1814 1237 1848 cessarunt,
1264 1811 1307 1840 ita
1332 1810 1417 1851 quod
1443 1810 1506 1839 suis
1531 1810 1675 1840 excecati
1699 1809 1826 1839 malitiis

172 1871 229 1902 per
254 1861 429 1892 diversoria
454 1862 564 1892 mortis
588 1861 743 1892 currendo
769 1862 941 1902 precipites
965 1862 995 1891 in
1021 1862 1181 1893 deteriora
1206 1866 1238 1892 ct
1262 1861 1472 1894 horribiliora,
1498 1861 1587 1890 sicuti
1614 1860 1744 1890 inferius
1768 1871 1823 1890 ex-

173 1913 328 1954 primitur,
353 1917 424 1943 sunt
448 1913 599 1953 prolapsi.

280 1967 308 1995 2.
339 1965 492 2000 Quamvis
516 1964 666 2005 equidem
692 1975 749 2006 per
766 1965 909 1995 diversos
933 1975 1101 2006 processus
1126 1968 1250 1995 nostros
1275 1964 1315 1995 de
1340 1965 1473 1994 fratrum
1490 1966 1668 1993 nostrorum
1694 1962 1825 1993 consilio

171 2016 345 2047 solenniter
376 2016 502 2047 habitos
530 2027 568 2047 ac
599 2016 733 2047 ecclesie
758 2017 983 2047 Avinionensis
1007 2017 1122 2047 affixos
1150 2017 1252 2047 ianuis
1290 2020 1322 2046 ct
1352 2017 1381 2045 in
1407 2015 1499 2045 Italie
1528 2015 1662 2055 aliisque
1692 2013 1825 2044 diversis

171 2067 280 2098 mundi
306 2068 448 2108 partibus
473 2067 653 2109 publicatos
677 2068 851 2098 deductum
876 2068 917 2098 ad
942 2078 1144 2098 communem
1168 2068 1320 2097 noticiam
1347 2067 1515 2100 extitisset,
1541 2065 1626 2106 quod
1644 2065 1825 2095 Ludovicus

172 2119 247 2149 olim
272 2119 408 2150 Bavarie
433 2118 498 2149 dux
523 2123 556 2149 et
579 2119 767 2150 discorditer
795 2120 825 2149 in
850 2129 960 2160 regem
985 2119 1230 2157 Romansoruin)
1261 2119 1381 2149 electus
1411 2118 1474 2147 suis
1498 2116 1684 2157 grandibusl
1713 2116 1824 2157 culpis,

172 2170 393 2207 contumaciis,
425 2171 623 2209 excessibus,
654 2170 886 2202 inobedienciis
911 2170 1114 2211 exigentibus
1139 2171 1272 2201 diversis
1297 2169 1630 2200 excomunicationum
1655 2168 1825 2199 sentenciis

173 2222 345 2261 existebat,
370 2223 450 2253 sicut
474 2233 555 2253 nunc
580 2224 718 2254 existere
743 2223 949 2264 dignoscitur,
974 2223 1145 2253 innodatus
1170 2232 1292 2253 necnon
1318 2223 1403 2256 iure,
1428 2221 1453 2250 si
1477 2220 1562 2261 quod
1587 2219 1647 2250 sibi
1672 2230 1712 2250 ex
1738 2219 1822 2250 elec-

173 2274 259 2304 tione
277 2274 424 2310 discordi,
450 2285 510 2315 quc
536 2274 575 2305 de
599 2275 668 2315 ipso
686 2274 848 2306 celebrata
868 2274 964 2305 fuisse
983 2274 1158 2309 dicebatur,
1177 2274 1217 2304 ad
1235 2284 1366 2314 regnum
1384 2272 1565 2303 Romanum
1586 2272 1635 2302 vel
1653 2271 1823 2311 imperium

171 2324 303 2355 forsitan
327 2325 543 2366 competebat,
567 2337 605 2357 ac
630 2327 746 2357 ducatu
770 2327 907 2357 Bavarie
932 2326 1142 2367 omnibusque
1166 2325 1353 2367 privilegiis,
1379 2324 1508 2361 iuribus,
1533 2323 1638 2360 bouis,
1663 2323 1767 2353 feudis
1792 2325 1824 2352 et

169 2376 351 2413 honoribus,
375 2387 435 2417 que
459 2388 478 2407 a
494 2377 640 2408 Romana
664 2378 715 2408 vel
739 2377 901 2419 quibusvis
925 2378 995 2408 aliis
1020 2378 1163 2408 ecclesiis
1187 2387 1243 2408 seu
1268 2377 1403 2417 imperio
1429 2373 1673 2416 quomodolibet
1697 2373 1822 2403 obtine—

170 2427 239 2465 bat,
265 2428 346 2458 iusto
372 2428 512 2468 privatus
541 2429 657 2460 iudicio
687 2434 719 2460 et
749 2429 788 2460 de
820 2429 925 2459 heresi
950 2439 987 2459 ac
1017 2429 1165 2459 scismate
1194 2428 1373 2458 successive
1406 2437 1463 2467 per
1493 2436 1662 2466 processus
1691 2424 1822 2455 eosdem

169 2482 295 2509 servata
311 2479 495 2510 maturitate
514 2479 623 2511 debita
647 2480 752 2511 fuerat
775 2480 1009 2511 sententialiter
1033 2483 1065 2510 et
1088 2479 1216 2520 publice
1234 2479 1500 2518 condempnatus,
1524 2477 1655 2507 diversis
1675 2477 1822 2516 spiritua,-

171 2529 254 2560 libus
279 2533 310 2561 et
334 2531 563 2571 temporalibus
588 2532 678 2572 penis
702 2535 735 2562 et
758 2532 923 2562 sententiis
947 2534 1079 2572 propter
1106 2531 1165 2561 hoc
1195 2530 1405 2571 promulgatis
1435 2532 1466 2559 ct
1495 2528 1665 2559 declaratis
1696 2527 1820 2556 intlietis

171 2580 394 2612 nichilominus
418 2586 528 2613 contra
553 2593 640 2622 eum,
671 2593 792 2623 nosque
817 2583 971 2613 universis
996 2586 1029 2613 et
1052 2582 1183 2623 singulis
1208 2581 1399 2619 civitatibus,
1424 2579 1671 2611 eomunitatibus
1696 2582 1726 2607 et
1751 2577 1818 2607 uni-

277 2683 339 2709 798.
368 2683 392 2715 b)
413 2685 447 2709 fil.
464 2686 509 2710 sal.
525 2685 548 2710 2.
637 2686 659 2711 ς’)
679 2686 821 2710 obaudiunt
842 2685 863 2710 1.
959 2684 982 2716 ¹¹)
1002 2686 1117 2710 adiacere
1133 2685 1159 2714 1;
1179 2685 1287 2709 adiciere
1301 2683 1324 2708 2.
1415 2684 1435 2712 υ)
1456 2682 1553 2706 omitia?
1569 2681 1590 2705 1·
1678 2680 1696 2710 ¹)
1717 2679 1783 2703 ‘IVS‘
1797 2678 1820 2702 ⁵3·

171 2725 196 2756 S)
215 2727 286 2751 Rom.
305 2727 431 2752 eccl-126⁵.
445 2726 468 2751 2.
551 2727 576 2758 ¹¹)
596 2736 646 2759 que
665 2728 731 2752 deest
750 2727 773 2752 2.
863 2727 878 2754 i)
898 2728 945 2752 sibi
966 2728 988 2752 1.
1078 2726 1103 2757 k)
1124 2728 1154 2751 Et
1173 2727 1231 2751 licet
1252 2726 1331 2751 est—id.
1347 2724 1370 2749 1.
1459 2723 1476 2749 ¹1
1496 2723 1620 2755 gravibus
1640 2721 1662 2746 12.

276 2794 300 2823 1)
322 2792 411 2819 Ierem.
425 2796 466 2821 32.
480 2796 518 2819 33.

1565 2840 1613 2866 55⁴²
