2205 3025
289 592 333 612 rap.
345 588 363 606 4.

289 1008 334 1027 (την.
346 1005 365 1022 5.

288 1743 334 1763 cap.
346 1740 364 1759 6,

291 2058 336 2077 cap.
345 2054 363 2072 7.

380 137 440 165 ‘30⁹
654 131 748 157 ACTA
769 131 880 156 REGNI
902 129 1083 156 LUDEWICI
1104 129 1150 155 IV.
1170 121 1219 154 ΕΤΙ
1236 127 1423 154 FRIDERICI
1443 127 1491 153 111.
1528 127 1602 153 1328.
1641 127 1686 152 Nr.
1700 126 1758 152 401.

380 157 440 165 1⁷-

380 219 474 252 piendi
494 227 510 244 a
531 217 645 244 vasallis
670 216 780 250 imperii
799 215 945 242 fidelitatis
964 217 992 241 et
1015 214 1140 247 homagii
1159 216 1335 240 sacramenta
1354 215 1388 240 et
1411 213 1579 239 muletarum
1603 214 1632 238 et
1655 221 1788 246 penarum
1813 213 1977 246 compendia
2000 215 2029 240 et

379 269 590 295 contiseaciones
610 269 744 295 bonorum
763 270 792 293 et
811 269 903 294 cetera
917 275 970 300 que
990 265 1119 292 dicuntur
1137 265 1245 299 regalia
1264 264 1366 298 inipso
1386 264 1490 291 ducatu
1508 265 1543 290 ad
1557 266 1635 290 tuum
1654 266 1682 290 et
1695 263 1899 297 sepedictorum
1919 266 2028 291 tuorum

379 329 565 347 successorum
587 319 779 353 compendium
801 318 926 344 volumus
945 317 1092 351 pertinere.
1130 317 1236 343 Milites
1255 325 1364 350 quoque
1384 316 1412 341 in
1431 315 1507 342 dicto
1527 315 1630 341 ducatu
1650 317 1678 342 et
1697 317 1775 342 extra
1795 315 1981 342 constituendi
2001 318 2030 342 et

379 372 498 398 militari
518 371 629 404 cingulo
640 369 787 396 decorandi
808 371 837 395 et
850 368 955 394 iudices
969 368 1123 395 ordinarios
1144 371 1172 394 et
1184 368 1306 394 notarios
1321 367 1447 401 publicos
1467 367 1578 393 creandi
1599 368 1627 392 et
1641 367 1787 394 ordinandi
1807 369 1839 393 et
1858 367 2028 399 conficiendi,

379 423 448 449 tilios
468 425 496 449 et
515 423 585 448 filias
604 421 747 448 naturales
767 423 824 447 tam
844 420 952 454 spurios
976 429 1059 453 quam
1079 420 1163 454 vulgo
1182 419 1317 453 que-sitos,
1343 428 1375 446 ex
1399 418 1573 452 dampnabili
1599 418 1674 444 coitu
1698 420 1778 444 natos
1803 418 1981 452 legitimandi
2001 420 2029 445 et

378 484 439 501 eum
464 475 532 508 ipsis
556 482 639 507 super
662 473 773 499 defectu
798 467 951 498 natalium
976 471 1008 498 et
1032 467 1095 497 alio
1119 471 1248 504 quolibet
1266 471 1461 504 dispensandi,
1491 465 1548 496 tibi
1579 470 1611 497 et
1639 467 1715 507 ipsis
1745 467 1969 498 auctoritatem
1999 469 2031 498 et

379 524 570 562 potestatem
594 521 770 561 plenariam
795 518 1008 559 indulgemus.

488 583 516 611 4.
542 585 580 610 Ut
603 586 698 610 tamen
722 592 772 617 pro
796 583 910 614 honore,
935 591 1018 616 quem
1039 582 1092 608 tibi
1108 582 1230 609 libenter
1254 581 1416 613 addicimus,
1441 582 1549 608 nullum
1566 582 1608 608 ius
1633 583 1816 609 subtrahatur
1832 583 2030 610 obedientibus

379 635 430 661 vel
451 635 604 661 obedituris
623 634 702 660 nobis
722 637 750 661 et,
770 633 886 666 imperio
906 632 934 658 in
954 641 1046 659 eorum
1066 632 1173 661 bonis&
1194 632 1290 663 feodis,
1310 632 1373 658 iura
1392 634 1486 659 tamen
1500 633 1611 666 imperii
1624 635 1786 659 remaneant
1806 634 1920 660 ducatui
1935 643 2030 667 supra-

378 688 463 714 dicto.
509 682 666 713 Volumus
697 682 839 722 insuper,
871 685 946 718 quod
975 685 1004 711 in
1033 685 1176 719 premissis
1206 685 1310 711 ducatu
1338 687 1367 711 et
1399 685 1590 712 vexilliferum
1622 695 1732 719 semper
1761 686 1851 713 maior
1879 688 1947 713 natu
1976 695 2024 713 seu

379 739 471 765 senior
488 747 520 765 ex
544 738 728 773 generatione
752 739 801 763 tua
818 746 851 763 ex
868 738 895 763 te
913 739 942 763 et
958 737 1164 763 successoribus
1182 737 1239 763 tuis
1256 736 1382 770 legitime
1399 737 1642 770 descendentibus,
1668 738 1787 764 exclusis
1804 738 1867 764 aliis
1884 733 1957 764 filiis
1974 744 2031 764 sou

378 789 526 816 heredibus
548 789 699 815 minoribus
717 790 798 819 natu⁷
823 788 897 814 solus
916 790 949 813 et
968 787 995 813 iu
1020 789 1111 814 totum
1135 788 1267 814 succedat
1290 790 1319 814 et
1342 790 1457 821 propter
1480 787 1615 821 premissa
1635 788 1727 814 onmia
1750 790 1778 814 te
1797 797 1846 822 pro
1870 791 1898 814 te
1922 789 1983 822 ipso
2002 790 2031 815 et

377 850 426 875 pro
452 841 536 867 (lictis
562 840 764 866 successoribus
787 839 843 865 tuis
867 839 947 865 nobis
971 848 1020 872 pro
1043 839 1123 865 nobis
1147 839 1215 873 ipsis
1241 839 1499 872 successoribusque
1522 839 1624 865 nostris
1647 839 1807 873 homagium
1833 842 1861 866 et
1885 839 2030 866 fidelitatis

377 893 471 920 debite
496 894 684 919 iuramentum
709 894 881 926 prestantem
907 892 940 918 de
964 892 1108 925 premissis
1132 892 1236 918 ducatu
1261 893 1290 918 et
1313 891 1505 918 vexillifer-atu
1529 900 1578 925 per
1603 894 1745 925 sceptrum
1769 887 1854 928 quod
1879 888 1911 918 in
1934 898 2030 918 manu

378 944 524 971 tenemus
548 944 760 979 presencialiter
783 944 949 970 investimus
974 943 1006 969 et
1029 938 1242 969 infeodamus.

489 999 517 1027 5.
542 1001 627 1026 Porro
652 1000 747 1026 omnia
771 1002 799 1026 et
822 999 934 1033 singula
957 999 1119 1032 supradicta
1143 999 1237 1025 valere
1262 1001 1291 1025 et
1314 1000 1410 1025 tenere
1435 999 1564 1025 volumus
1588 1000 1617 1024 et
1645 999 1794 1030 firmamus,
1819 1007 1875 1025 non
1900 999 2031 1026 obstante

380 1051 476 1084 aliqua
495 1051 565 1084 lege,
585 1050 782 1076 consuetudine
802 1051 852 1075 aut
870 1049 937 1077 iure,
957 1049 1057 1082 quibus
1077 1048 1247 1075 contrarium
1267 1050 1420 1074 caveretur.
1459 1048 1564 1078 Quibus
1588 1048 1716 1074 omnibus
1735 1050 1763 1074 et
1786 1048 1905 1083 singulis
1924 1050 2031 1083 specia-

379 1103 444 1129 liter
463 1104 491 1129 et
510 1111 644 1136 expresse.
665 1104 808 1134 tamquam
827 1100 993 1127 nominatim
1013 1100 1046 1126 de
1067 1100 1123 1125 illis
1143 1100 1170 1126 in
1190 1100 1313 1133 presenti
1334 1099 1484 1133 privilegio
1504 1099 1581 1126 fieret
1600 1100 1716 1132 mencio,
1736 1109 1795 1126 esse
1814 1100 1983 1127 intendimus
2002 1103 2033 1128 et

380 1154 481 1180 debeat
500 1154 663 1187 derogatum
684 1155 711 1179 et
725 1152 868 1186 potissime
888 1151 940 1177 iuri
961 1154 988 1177 et
1009 1151 1210 1181 consuetudini,
1231 1160 1285 1184 quo
1306 1153 1333 1177 et
1353 1160 1408 1184 qua
1428 1153 1573 1177 caveretur
1591 1160 1636 1177 seu
1659 1153 1771 1178 cautum
1792 1151 1937 1183 diceretur,
1957 1153 2031 1186 quod

380 1205 458 1231 heres
475 1205 502 1230 in
518 1205 630 1233 ducatu,
651 1204 785 1230 comitatu
800 1203 843 1229 vel
858 1203 982 1229 marchia
1002 1203 1078 1228 nullo
1098 1203 1178 1228 modo
1198 1202 1337 1231 succedat,
1357 1202 1410 1228 nisi
1425 1203 1460 1228 ab
1480 1201 1648 1236 imperatore
1667 1203 1830 1236 acquisierit
1849 1212 1898 1237 per
1917 1203 2029 1230 investi-

382 1258 483 1288 turam,
507 1258 641 1289 quantum
661 1256 695 1281 ad
716 1264 809 1281 casum
829 1257 994 1288 presentem.
1014 1255 1042 1280 i11
1062 1254 1125 1280 aliis
1146 1263 1210 1280 vero
1231 1255 1341 1280 casibus
1368 1254 1395 1280 in
1415 1264 1464 1280 suo
1487 1255 1586 1281 robore
1605 1263 1714 1288 semper
1732 1255 1839 1282 durent.
1876 1252 2032 1283 Volumus

380 1310 473 1334 tamen
493 1307 565 1341 quod
586 1310 614 1333 tu
635 1309 663 1333 et
683 1315 851 1333 successores
871 1307 912 1333 tui
932 1316 948 1332 a
966 1306 1065 1332 nobis*
1084 1306 1358 1339 successoribusque
1378 1307 1480 1332 nostris
1499 1308 1528 1332 et
1547 1315 1624 1332 sacro
1638 1305 1762 1332 Romano
1781 1306 1898 1340 imperio
1918 1306 2032 1340 requisi-

379 1362 424 1386 tus
443 1361 471 1385 et
489 1358 617 1391 requisiti
637 1361 773 1392 perpetuo
792 1358 912 1384 tenearis
931 1360 959 1384 et
979 1359 1125 1384 teneantur
1145 1358 1255 1391 plenam
1276 1360 1305 1384 et
1331 1357 1446 1384 liberam
1472 1357 1664 1384 obedienciam
1689 1359 1779 1384 tacere
1799 1360 1828 1384 et
1846 1358 1879 1384 in
1906 1358 2032 1385 omnibus

379 1411 478 1437 nostris
492 1411 630 1436 mandatis
650 1419 892 1443 successorumque
913 1411 1067 1436 nostrorum
1082 1412 1110 1436 et
1128 1410 1199 1436 sacri
1214 1409 1331 1435 Romani
1347 1409 1457 1443 imperii
1477 1409 1564 1436 libere
1584 1409 1727 1436 intendere
1740 1412 1768 1435 et
1782 1419 1879 1443 parere
1896 1412 1924 1437 et
1938 1410 2030 1437 omnia

378 1466 472 1489 nostra
492 1462 623 1488 mandata
642 1462 788 1487 observare
808 1463 836 1488 et
855 1462 1005 1488 efficaciter
1024 1461 1177 1495 adimplere
1198 1461 1277 1487 iuxta
1297 1469 1375 1494 posse
1396 1463 1424 1487 et
1443 1461 1603 1488 execueioni
1622 1461 1762 1487 mandare.

486 1517 514 1545 43.
539 1515 685 1545 Meminit
701 1525 827 1555 quoque
846 1518 952 1544 nostra
974 1514 1129 1544 serenitas
1147 1514 1186 1544 de
1204 1513 1356 1554 predictis
1380 1518 1454 1544 aute
1476 1517 1583 1544 nostre
1602 1514 1815 1544 coronationis
1839 1514 2029 1555 sollempnia

380 1566 436 1597 tibi
454 1570 486 1597 et
502 1566 653 1606 predictis
670 1565 905 1596 successoribus
929 1566 990 1595 tuis
1015 1565 1117 1595 simile
1143 1565 1344 1606 privilegium
1369 1565 1568 1595 indulsisse1.
1610 1565 1702 1599 Quod
1729 1568 1760 1595 et
1778 1566 1882 1596 omnia
1907 1566 1938 1596 in
1962 1567 2031 1606 ipso

379 1622 528 1648 contenta
553 1628 592 1648 ex
617 1627 704 1648 certa
728 1619 860 1648 seientia
884 1622 916 1648 et
941 1618 979 1648 de
1004 1619 1173 1658 potestatis
1197 1617 1395 1658 plenitudine
1420 1628 1456 1648 ac
1482 1617 1522 1647 de
1547 1617 1677 1647 consilio
1703 1620 1734 1647 et
1763 1627 1892 1647 assensu
1917 1627 2031 1658 proce-

379 1680 446 1700 rum
472 1673 504 1700 et
527 1669 681 1699 baronum
707 1669 881 1709 imperialis
905 1669 977 1700 aule
1002 1670 1207 1713 ratificamus,
1234 1670 1452 1710 approbamus
1477 1673 1509 1699 et
1533 1669 1767 1699 confirmamus.

490 1731 505 1738 .-

495 1741 517 1759 t.
542 1733 697 1759 Statuimus
714 1734 801 1759 eciam
819 1735 847 1759 et
864 1733 1036 1765 mandamusy
1054 1734 1187 1767 quatinus
1204 1734 1282 1759 nulla
1299 1734 1407 1765 civitas,
1424 1734 1503 1759 nulla
1518 1733 1704 1759 communitas
1722 1735 1750 1759 et
1765 1733 1937 1765 generaliter
1953 1734 2030 1759 nulla

380 1793 504 1817 persona,
525 1783 720 1816 cuiuscumque
734 1784 903 1810 condicionis
921 1786 949 1809 et
963 1784 1166 1817 preeminencie
1180 1793 1226 1810 seu
1241 1786 1332 1810 status
1345 1784 1455 1814 existat,
1475 1783 1540 1809 huic
1555 1785 1646 1809 nostre
1660 1783 1764 1817 pagine
1777 1783 1880 1809 audeat
1894 1783 1922 1808 in
1936 1783 2029 1816 aliquo

379 1838 475 1861 contra
494 1836 584 1861 facere
605 1835 647 1861 vel
669 1835 762 1860 venire
786 1845 833 1862 seu
857 1838 884 1862 te
909 1838 959 1861 aut
982 1836 1119 1868 predictos
1139 1838 1200 1862 tuos
1220 1844 1389 1862 successores
1408 1835 1436 1861 in
1460 1835 1555 1868 aliquo
1575 1836 1721 1861 molestare
1741 1835 1773 1860 de
1793 1834 1855 1864 hiis,
1875 1843 1928 1868 que
1947 1844 2031 1868 supra

379 1887 431 1912 tibi
455 1888 483 1913 et
507 1887 546 1913 eis
569 1895 585 1912 a
607 1889 702 1913 nostra
728 1887 879 1913 clemencia
899 1887 1054 1913 liberaliter
1076 1889 1141 1913 suut
1160 1888 1272 1914 collata.
1310 1888 1338 1913 Si
1363 1887 1425 1920 quis
1449 1890 1543 1913 autem
1568 1886 1716 1913 temerario
1739 1895 1807 1912 ausu
1831 1887 2030 1920 presumpserit

379 1939 527 1964 contraire.
554 1938 629 1963 mille
656 1947 810 1963 marcarum
835 1938 894 1964 auri
918 1947 1018 1972 penam
1038 1939 1162 1965 incurrat
1183 1948 1232 1972 pro
1252 1939 1370 1965 dimidia
1390 1941 1482 1965 nostre
1502 1947 1609 1965 camere
1630 1938 1839 1972 persolvendam
1859 1940 1887 1964 et
1906 1947 1954 1971 pro
1973 1938 2031 1965 alia

378 1989 494 2015 dimidia
517 1998 624 2015 camere
645 1990 713 2016 dicti
737 1990 856 2016 ducatus
875 1992 903 2016 et
922 1991 1139 2021 vexilliferatns,
1166 1991 1193 2016 in
1213 1999 1329 2024 quorum
1350 1991 1533 2024 preiudieium
1553 1990 1656 2023 aliquit
1675 1990 1801 2016 extiterit
1820 1992 2029 2024 attemptatum.

490 2044 516 2072 S.
543 2046 648 2077 Quibus
677 2047 806 2072 omnibus
834 2049 863 2073 et
891 2047 1009 2081 singulis
1038 2048 1207 2081 supradictis
1235 2049 1323 2074 testes
1354 2048 1545 2074 interfuerunt
1573 2047 1746 2080 infrascripti
1774 2046 1905 2073 videlicet
1928 2047 2029 2074 Rudol-

379 2099 421 2124 fus
442 2098 497 2123 dux
516 2098 640 2124 ssawarie
664 2098 794 2132 princeps
819 2100 847 2124 et
870 2100 988 2132 patruus
1012 2101 1109 2126 noster
1133 2099 1306 2131 karissimus,
1332 2099 1502 2126 venerabilis
1518 2098 1636 2124 lacobus
1661 2098 1808 2132 episcopus
1825 2098 2030 2131 Castellanus*,

378 2144 570 2174 venerabilis
598 2145 696 2175 frater
719 2145 904 2175 Bonifacius
933 2146 1342 2187 episcopus>Kyronensis‚
1367 2151 1544 2177 Hei-mannus
1572 2150 1605 2176 de
1630 2149 1816 2176 Lihtenberch
1845 2150 2031 2176 cancellarius

379 2202 482 2231 noster,
507 2200 654 2226 Heinrieus
677 2201 731 2226 dux
750 2202 1003 2234 Brunswicensis,
1028 2202 1193 2228 Ludowicus
1215 2202 1270 2228 dux
1295 2203 1328 2228 de
1347 2202 1429 2233 Teck,
1453 2202 1585 2228 Albertus
1611 2196 1714 2226 dictus
1734 2201 1835 2227 Humel
1859 2201 1892 2227 de
1918 2201 2029 2228 Lihten-

379 2251 462 2277 berch
487 2251 673 2278 marscalchus
698 2254 801 2281 noster,
828 2253 935 2279 Ulricus
959 2254 1135 2287 lantgravius
1152 2254 1271 2285 Alsacie,
1292 2249 1474 2280 Fridericus
1500 2248 1728 2289 burchgravius
1753 2248 1791 2278 de
1808 2248 2029 2289 ΝΠΓΘΠ1ΜᾺὉΙ]7

379 2303 578 2329 Meinhardus*
606 2312 705 2329 eomes
733 2304 766 2329 de
791 2304 979 2337 Ortenburch,
1006 2301 1082 2331 Otto
1112 2311 1220 2331 comes
1251 2301 1290 2331 (le
1316 2300 1528 2335 Orlamuude,
1554 2304 1730 2330 Hei-mannus
1755 2312 1846 2330 eomes
1870 2304 1903 2330 de
1928 2304 2031 2336 Castel,

380 2349 546 2380 eumacius
571 2360 678 2380 comcs
702 2350 741 2381 de
766 2351 1054 2391 Thruhendingen,
1086 2357 1224 2383 Iohannes
1249 2357 1361 2383 comes*
1387 2357 1478 2382 dietus
1507 2356 1541 2382 de
1570 2355 1763 2386 claromonte,
1795 2350 1962 2381 Cunradus
1993 2351 2033 2382 de

380 2400 613 2441 Sluzzelberch,
638 2406 831 2440 lssngelhardus
855 2407 888 2432 de
906 2407 1120 2441 Weinspe1·eh*,
1145 2404 1292 2435 Andreas
1310 2407 1342 2434 ct
1359 2403 1525 2434 Gotfridus
1550 2402 1588 2434 de
1607 2402 1773 2442 Prunekk,
1797 2402 1967 2433 Heinricus
1993 2402 2033 2433 de

380 2452 526 2493 Preising
550 2453 703 2493 magister
727 2454 812 2484 curie
838 2457 942 2484 nostre
967 2465 1090 2485 necnon
1114 2455 1237 2486 nobiles
1261 2455 1318 2485 viri
1344 2455 1481 2486 Iacobus
1502 2454 1597 2485 Serra
1622 2454 1661 2485 de
1680 2453 1869 2494 Columpmz,
1896 2454 2033 2484 Iacobus

381 2504 420 2534 de
446 2503 582 2534 Sabellis
606 2508 770 2535 senatores
796 2504 904 2544 Urbis,
927 2505 1115 2536 Manfredus
1139 2506 1178 2537 de
1204 2507 1284 2537 Vico
1309 2507 1393 2537 alme
1418 2506 1513 2537 Urbis
1537 2505 1699 2546 prefectus
1724 2509 1756 2536 et
1779 2504 1966 2535 Theb-aldus
1990 2505 2030 2535 de

381 2555 498 2585 Sancto
523 2555 706 2585 Eustachio.

488 2614 524 2641 Et
547 2615 581 2641 ad
604 2615 793 2649 predictorum
820 2616 944 2642 omnium
969 2617 1232 2644 corroboracionem
1257 2620 1285 2645 et
1310 2618 1504 2644 testimonium
1536 2619 1681 2651 presentes
1709 2616 1846 2643 conscribi
1871 2618 1899 2642 et
1933 2615 2031 2649 sigilli

380 2666 537 2693 maiestatis
561 2668 656 2692 nostre
681 2662 794 2693 robore
818 2667 948 2693 iussimus
973 2668 1145 2694 communiri.

486 2740 510 2769 1)
539 2738 627 2771 Supra
648 2742 757 2765 712230‘2.
1378 2754 1392 2765 ⁶

2044 692 2069 711 10

2048 948 2072 967 15

2048 1211 2075 1230 20

2049 1467 2073 1486 25

2049 1740 2075 1758 30

2049 1996 2074 2015 35

2050 2261 2076 2279 40

2050 2515 2075 2533 45
