2205 3025
191 772 214 790 10

190 1029 214 1047 15

190 1285 215 1304 ⁴20

193 1800 218 1818 3«)

193 2056 217 2075 35

193 2318 218 2335 40

195 2574 219 2591 45

504 212 599 238 ACTA
619 211 731 238 REGNI
752 212 934 239 LUDEWICI
953 213 1000 239 IV.
1019 213 1065 239 ET
1086 213 1269 239 FRIDERICI
1288 213 1337 239 111.
1374 213 1448 240 1329.
1486 213 1533 240 Nr.
1547 213 1605 240 620.
1818 217 1880 246 519

233 297 409 338 procedere
439 307 603 338 possemus
634 308 757 328 necnon
787 309 842 329 eos
871 300 1031 340 corrigere
1062 303 1158 340 atque
1192 310 1326 340 arguere
1356 299 1467 330 fortius
1496 302 1639 330 reatuum
1667 310 1795 330 suorum
1823 311 1879 340 pro

233 349 419 388 commissis,
444 349 587 379 volentes
613 353 720 379 tamen
744 360 872 390 semper
899 350 929 380 in
954 350 1100 381 omnibus
1128 351 1203 381 iuris
1232 351 1368 390 rigorem
1400 350 1618 381 misericordia
1648 351 1756 391 pocius
1785 361 1880 391 quam

233 410 367 431 censura
390 400 569 431 severitatis
593 403 785 440 temperare,
810 401 941 432 eosdem
966 413 1027 432 non
1051 403 1153 432 solum
1178 402 1286 432 ordine
1311 401 1395 439 iuris,
1420 401 1475 432 sed
1500 402 1595 432 etiam
1620 401 1815 442 aliquociens
1840 401 1880 431 ad

232 452 331 482 instar
354 451 494 481 fraterne
518 451 774 487 ammonicionis,
805 462 866 492 que
896 453 1099 493 ewangelicis
1130 457 1162 482 et
1190 453 1333 493 positivis
1362 452 1643 483 constitucionibus
1667 452 1749 482 viam
1779 452 1880 483 felici-

233 502 308 533 tatis
331 503 493 542 importat,
517 502 708 542 requirimus
732 505 764 532 et
787 513 963 540 monemus,
988 507 1022 533 ut
1046 514 1078 534 se
1104 504 1143 534 ab
1168 504 1282 534 erroris
1306 504 1353 533 sui
1377 504 1503 533 tramite
1520 505 1671 533 revocent
1694 507 1726 533 et
1749 513 1880 534 conver·

233 557 309 584 tant.
358 552 490 584 Constat
514 553 622 594 itaque
648 553 749 589 vobis,
782 554 867 594 quod
891 555 953 584 iam
979 554 1097 585 dudum
1123 565 1178 585 vos
1208 558 1239 585 et
1267 555 1428 585 civitatem
1453 558 1609 585 vestramc
1633 554 1744 584 illustri
1768 553 1880 585 Fride-

232 606 296 636 rico
321 604 496 635 marchioni
512 604 685 634 Misenensi
709 615 827 645 genero
853 614 959 635 nostro
977 605 1145 636 karissimo
1170 616 1227 646 pro
1245 605 1357 636 decem
1376 605 1502 635 milibus
1519 605 1739 636 marcharumd
1756 606 1879 646 argenti

232 656 308 687 boni
337 659 369 686 et
399 655 512 695 legalis
546 655 697 696 ponderis
730 661 809 686 unae
839 666 910 686 cum
939 657 1067 686 civitate
1101 657 1131 686 in
1160 656 1347 687 Miilhusenss
1376 656 1435 686 sibi
1464 657 1494 686 111
1524 656 1629 687 dotem
1665 656 1706 686 ad
1740 657 1880 687 inclitam

232 706 413 738 Mehtildim
442 706 540 737 filiam
569 710 725 741 nostram.
755 707 975 738 conthoralem
1005 718 1093 738 suam
1124 708 1302 738 constitutis
1330 707 1478 738 duximus
1506 708 1631 748 pignori
1662 707 1880 747 obligandos&

233 759 312 790 sicut
336 759 396 789 hoc
421 758 570 799 exemplo
589 758 732 789 divorum
750 758 1014 799 predecessorum
1032 763 1209 789 nostrorum
1236 759 1402 789 illustrium
1419 758 1637 789 Romanorum
1653 759 1881 800 imperatorum

232 821 268 841 ac
292 820 403 851 regum
429 810 610 847 didicimus,
636 810 689 850 qui
714 810 794 840 sicut
823 814 854 840 et
883 820 939 840 nos
970 809 1009 840 de
1040 809 1275 840 conswetudine
1305 810 1508 840 sacratissimi
1532 809 1670 840 Romani
1697 810 1822 850 imperii
1850 810 1881 839 in

233 862 403 892 Alemania
428 873 446 892 a
469 865 615 902 tempore
646 862 733 892 cuius
760 872 821 892 non
848 864 937 891 extat
960 862 1114 891 memoria
1139 861 1317 892 observata.
1350 871 1410 901 que
1436 860 1564 901 quidem
1589 861 1791 891 eonswetudo
1817 861 1879 890 vim

232 913 312 953 legis
337 912 477 943 obtinetf
499 914 580 943 sicut
603 912 752 943 nonnulle
777 913 837 943 alic
863 913 1085 943 cerimoniales
1110 911 1364 942 conswetudincs
1389 912 1514 952 imperii
1539 922 1599 952 que
1623 912 1747 952 legibus
1771 912 1881 952 stringi

232 974 296 994 non
320 967 460 1004 oportet,
491 974 562 994 cum
591 974 685 1004 supra
711 963 817 1004 legem
849 965 924 995 sint.
959 964 1031 993 filiis
1061 967 1092 993 et
1121 963 1246 993 filiabus
1274 964 1337 993 suis
1369 966 1455 993 tante
1492 963 1624 1003 pecunie
1659 973 1814 993 summam
1850 964 1881 992 in

235 1015 342 1046 dotem
374 1026 429 1046 seu
459 1015 669 1046 donacionem
701 1018 833 1056 propter
862 1016 994 1055 nupcias
1024 1016 1053 1045 in
1085 1015 1174 1045 bonis
1203 1014 1420 1054 imperialibus
1449 1015 1642 1044 constituere
1672 1017 1821 1054 poterant
1851 1018 1882 1044 et

233 1067 392 1098 valebant.
445 1067 673 1097 Subiunximus
704 1068 805 1097 eciam
832 1066 1012 1097 mandando
1037 1066 1126 1096 vobis
1151 1069 1183 1096 et
1207 1066 1349 1095 districte
1374 1065 1589 1105 precipiendo,
1613 1068 1646 1094 ut
1670 1064 1774 1095 eidem
1798 1075 1881 1095 mar-

234 1119 337 1150 chioni
363 1128 486 1159 parere,
511 1118 641 1149 obedire
667 1119 696 1148 in
722 1118 868 1148 omnibus
892 1122 1057 1158 tamquam
1082 1117 1171 1147 nobis
1190 1116 1360 1154 deberetis,
1385 1126 1548 1156 quousque
1573 1116 1651 1145 sibig
1668 1116 1793 1146 nomine
1812 1116 1881 1156 pig-

232 1170 317 1201 noris
342 1171 463 1200 astricti
487 1170 599 1200 essetis
622 1180 678 1210 pro
704 1170 839 1210 pecunia
865 1172 1053 1199 memorata.
1101 1168 1167 1197 Vos
1191 1172 1297 1198 tamen
1322 1167 1501 1197 huiusmodi
1526 1166 1686 1196 nostrumh
1704 1167 1821 1196 iussum
1846 1176 1882 1196 ac

235 1221 414 1253 ordinatum
444 1224 644 1262 preceptum,
675 1221 827 1252 vallatum
853 1219 1090 1251 conswctudine
1115 1218 1333 1249 auctorizabili
1358 1218 1511 1258 premissa
1536 1221 1567 1248 et
1590 1218 1714 1247 notoria
1738 1217 1883 1247 omnibus

236 1274 361 1314 imperii
384 1273 588 1313 principibus,
614 1273 899 1313 c‹‘›nt‹.=mptibiliter
923 1276 1110 1312 respuentes
1134 1274 1165 1300 et
1190 1281 1246 1311 per
1270 1270 1367 1300 multa
1393 1274 1538 1309 tempora
1560 1278 1661 1309 usque
1679 1268 1781 1298 adhuc
1799 1268 1882 1298 refu-

235 1328 339 1356 tantes
363 1325 392 1354 in
418 1324 503 1355 nullo
527 1325 653 1365 penitus
678 1324 858 1354 attendistis
875 1334 932 1354 nec
951 1322 1071 1354 eisdem
1096 1322 1244 1362 paruistis
1262 1326 1425 1361 tamquam
1442 1319 1553 1350 fideles
1577 1320 1701 1360 imperii
1719 1323 1750 1349 et
1767 1319 1884 1357 devoti,

236 1377 275 1407 ‹le
301 1387 362 1417 quo
387 1376 487 1406 multa
512 1376 739 1406 ammiracione
765 1376 850 1406 ducti
876 1378 984 1406 contra
1009 1385 1064 1404 vos
1089 1384 1255 1404 movemur
1279 1372 1500 1412 indignacioue
1533 1371 1627 1401 animi
1657 1371 1753 1400 nostri
1778 1371 1884 1400 multi-

236 1428 308 1469 plici
333 1431 429 1468 atquc
454 1428 552 1468 gravi.

343 1482 371 1510 2.
407 1479 635 1510 Prcsumentes
659 1482 776 1510 tau‘icn.
809 1477 894 1518 quod
920 1477 1077 1518 equalitas
1102 1476 1238 1506 racionis
1269 1478 1300 1505 et
1324 1474 1557 1505 dcinonstracio
1590 1476 1695 1503 nostre
1727 1472 1884 1513 possibili-

208 1545 216 1561 a
236 1531 310 1561 tatis
334 1541 370 1561 ac
395 1535 554 1561 conswete
579 1531 777 1560 aucun-itatis
802 1530 928 1570 imperii
952 1530 1117 1569 premisse.
1143 1538 1205 1568 qua
1223 1527 1424 1567 presentibus
1449 1530 1558 1556 contra
1576 1536 1630 1555 vos
1654 1525 1885 1566 progredimur,

235 1593 290 1612 vos
314 1593 332 1612 a
357 1582 411 1612 tali
435 1582 611 1622 pertinacia
636 1585 667 1612 et
691 1581 888 1611 inobedienti
914 1580 1097 1611 tumositatc
1116 1579 1255 1609 debcant
1273 1582 1435 1618 tamquam
1460 1577 1574 1607 melius
1591 1576 1775 1607 informatos
1799 1576 1886 1616 peni-

234 1638 284 1664 tus
314 1644 481 1667 revocare,
510 1633 583 1663 ideo
613 1636 778 1663 servantes
808 1632 950 1662 ordinem
982 1632 1215 1672 preallcgatum
1250 1629 1438 1660 fidelitatem
1470 1632 1606 1659 vestram
1636 1628 1740 1658 denuo
1774 1632 1885 1658 tenore

235 1686 434 1726 presencium
460 1685 649 1725 requirimus
674 1688 704 1714 et
730 1695 905 1722 monemus,
930 1683 1152 1713 nichilominus
1171 1681 1262 1711 vobis
1286 1681 1342 1711 sub
1368 1680 1498 1710 obtentu
1524 1680 1624 1709 omnis
1648 1680 1754 1719 gracie
1779 1682 1884 1708 nostre

236 1740 268 1767 et
303 1740 459 1777 perpetua
500 1736 724 1776 indign-acione
763 1744 871 1766 nostra
906 1735 1099 1775 iniungimus
1135 1737 1166 1763 ct
1195 1732 1398 1763 mandamus.
1435 1734 1589 1771 quatenus
1624 1730 1727 1760 adhuc
1761 1729 1884 1770 prefato

237 1788 411 1819 marchioni
436 1788 609 1818 Misenensi
639 1798 758 1828 genero
785 1796 891 1817 nostro
924 1787 1013 1816 iuxta
1037 1785 1269 1816 continenciam
1302 1783 1479 1813 litterarum
1505 1792 1631 1812 suarum
1662 1781 1721 1811 sibi
1750 1792 1806 1821 per
1829 1791 1885 1810 nos

237 1840 277 1870 de
302 1839 426 1880 prefata
444 1839 517 1869 dote
543 1849 766 1869 concessarum
792 1850 848 1879 per
873 1838 1105 1879 prestacionem
1132 1836 1330 1876 efflagita-um
1355 1837 1530 1864 vestrorum
1555 1843 1591 1863 ac
1616 1833 1716 1863 omnis
1739 1832 1884 1872 recogni-

237 1891 336 1922 cionis
359 1891 555 1931 paricionem
579 1890 765 1921 immediate
791 1891 865 1920 visis
891 1889 1094 1930 presentibus
1118 1892 1281 1928 tamquam
1307 1886 1398 1915 nobis
1430 1888 1461 1915 et
1485 1894 1649 1925 quousque
1674 1894 1730 1924 per
1754 1894 1810 1913 nos
1834 1882 1884 1912 vel

237 1946 361 1973 nostros
389 1952 588 1972 successores
619 1953 675 1982 pro
706 1942 838 1982 prefatis
868 1941 978 1971 decem
1004 1940 1131 1970 milibus
1156 1948 1335 1969 marcarum
1367 1937 1489 1977 argenti
1514 1935 1583 1965 vosi
1609 1939 1641 1965 et
1669 1935 1778 1965 civitas
1802 1933 1884 1964 11Ιῖ11-

236 1995 426 2032 hausen(sis)
456 1994 613 2034 predictai
650 1994 689 2024 ab
726 2005 764 2024 eo
793 1993 843 2023 vel
874 1993 936 2023 suis
968 1991 1138 2022 heredibus
1171 1990 1306 2020 absoluti
1338 1988 1473 2018 fueritis.
1510 1986 1730 2017 obedienciam
1762 1985 1885 2015 faciatis

238 2045 379 2076 debitam
405 2050 437 2076 et
461 2046 661 2086 condignam.
709 2045 803 2080 Quod
820 2046 844 2074 si
863 2046 990 2075 inantea
1008 2045 1087 2073 sicut
1104 2043 1266 2082 bucusque
1291 2041 1322 2070 in
1340 2043 1478 2070 nostrum
1504 2042 1535 2068 et
1552 2039 1677 2077 imperii
1694 2037 1883 2077 vituperium

237 2097 344 2128 facere
362 2098 555 2138 spreveritis,
581 2102 688 2127 contra
707 2107 762 2126 vos
786 2097 950 2127 universos
976 2100 1006 2125 ct
1030 2095 1171 2135 singulos
1195 2103 1231 2123 ac
1256 2093 1416 2122 civitatem
1435 2093 1572 2120 vestram
1591 2088 1768 2129 predictam
1785 2097 1885 2128 usque

237 2148 278 2179 ad
306 2149 517 2189 privationem
547 2148 786 2189 privilegiorum
822 2151 854 2177 et
885 2148 997 2177 iurium
1028 2149 1206 2176 vestrorum
1236 2154 1272 2174 ac
1300 2143 1483 2173 libertatum
1513 2150 1783 2181 quarumcumque
1814 2149 1884 2169 cum

237 2200 408 2231 inflictione
434 2211 586 2240 penarum
611 2199 794 2230 ultimarum
819 2198 1005 2229 immediate
1030 2197 1138 2238 procul
1164 2195 1258 2226 dubio
1284 2194 1503 2235 procedemus.

345 2254 372 2282 3.
408 2252 449 2282 Et
481 2262 604 2282 exnunc
635 2251 759 2292 prefato
788 2251 963 2282 marchioni
993 2260 1112 2290 genero
1143 2253 1250 2278 nostro
1275 2246 1489 2277 commisimus
1519 2248 1551 2274 et
1578 2243 1709 2284 speciali
1738 2241 1883 2272 dedimus

238 2305 269 2334 in
293 2304 476 2341 commisso,
506 2309 539 2333 ut
564 2314 624 2333 una
650 2313 721 2333 cum
746 2303 892 2333 omnibus
916 2301 1088 2332 baronibus
1113 2304 1144 2330 et
1168 2297 1375 2339 complicibus
1402 2297 1465 2326 suis
1490 2306 1545 2325 vos
1569 2293 1823 2334 c‹1›ntingentibus
1854 2296 1885 2322 et

238 2355 316 2385 alias
341 2355 544 2395 ubicumque,
569 2354 682 2395 quibus
708 2355 766 2384 hoe
791 2354 877 2383 idem
895 2354 1088 2383 iniunximus
1105 2351 1230 2391 scriptis
1247 2349 1391 2385 nostris2,
1416 2351 1450 2378 ut
1466 2358 1531 2385 vos,
1556 2347 1581 2376 si
1599 2356 1728 2386 presens
1745 2348 1884 2374 nostrum

238 2406 423 2436 mandatum
449 2407 562 2437 iterum
588 2406 818 2442 refutaveritis,
844 2405 996 2435 invadant
1023 2403 1212 2434 anetem-itate
1241 2406 1363 2435 nostra,
1395 2399 1540 2429 omnibus
1570 2397 1672 2428 modis
1697 2400 1728 2426 et
1752 2396 1808 2425 viis
1833 2405 1883 2424 co-

239 2458 350 2488 activis
380 2461 516 2488 vestram
545 2457 715 2488 audaciam
746 2467 846 2497 usque
880 2455 920 2486 ad
951 2455 1120 2485 ulteriores
1151 2457 1273 2483 nostros
1301 2461 1468 2492 lin-ocessus
1496 2449 1536 2479 ad
1565 2448 1708 2478 ordinem
1742 2446 1882 2476 debitum

239 2508 462 2548 compellendo
487 2508 620 2538 viriliter
644 2512 675 2538 et
699 2512 855 2548 potenter.

347 2560 461 2590 Actum
488 2564 520 2590 et
545 2560 654 2590 datum
680 2560 709 2588 in
735 2559 862 2589 civitate
888 2558 999 2598 Papie,
1025 2557 1082 2587 sub
1108 2566 1189 2586 anno
1208 2555 1335 2585 Domini
1362 2553 1528 2583 millesimo
1555 2549 1774 2581 trecentesimo
1799 2548 1881 2576 vicc-

238 2611 317 2641 simo
342 2621 435 2649 nono,
460 2612 562 2651 prima
587 2611 638 2641 die
663 2610 744 2642 Iulii.
770 2610 859 2650 regni
884 2609 981 2639 nostri
1007 2619 1088 2638 anno
1112 2606 1359 2648 quintodecimo,
1385 2604 1507 2644 imperii
1532 2612 1606 2632 vero
1632 2598 1780 2630 secundo.

341 2711 407 2737 (320.
439 2712 461 2742 c)
487 2712 512 2735 ln
537 2712 591 2735 loco
618 2720 677 2735 raso
704 2711 730 2735 l:
758 2709 1037 2739 Northusensseml
1062 2708 1086 2733 2,
1203 2706 1225 2731 d]
1252 2715 1394 2731 marcarum
1414 2705 1437 2730 ᾖ.
1555 2704 1575 2731 (³)
1600 2699 1881 2725 una——Mi'zlhuscu

238 2755 289 2780 cles.
309 2754 333 2779 2.
421 2753 440 2783 f)
462 2760 512 2786 opt.
532 2753 556 2778 2,
646 2759 669 2779 Β)
689 2762 769 2785 supra
789 2754 883 2777 lincam
903 2753 964 2776 add.
987 2753 1008 2776 1.
1097 2751 1120 2774 ¹¹1
1141 2752 1241 2775 nostri
1261 2749 1284 2773 2.
1374 2748 1391 2775 i)
1411 2756 1462 2771 vos
1478 2745 1665 2776 ——predicta
1685 2743 1734 2765 iles.
1755 2742 1778 2764 1.).

342 2824 366 2849 1)
386 2821 475 2854 Supra
496 2824 554 2846 [0122.
576 2821 599 2845 Γ
616 2829 656 2846 nr.
676 2825 728 2846 744.
818 2820 843 2845 ’2¹1
864 2819 984 2845 §eri-utne
1005 2827 1057 2843 non
1078 2821 1148 2843 sunl.
